Date,Rdexpense,Ceo,Revenue,NetIncome,SustGrowthRate,Ebitda,TotalEquity,ShortTermDebt,LongTermDebt,ReturnOfAssets,ReturnOfEquity,TotalAssets,TotalCurrentLiab,TotalLiab,FinLeverage,NumOfEmployees,GrossProfit,OperatingMargin
6/30/2007 00:00:00,,,3114800,40600,,,,,,,,,,,,,1925300,
6/30/2008 00:00:00,,,3821500,134500,,,,,,,,,,,,,2253300,
6/30/2009 00:00:00,35900,,3379300,101700,,427300,,,,,,,,,,,1857900,
6/30/2010 00:00:00,32400,,3482900,61700,,383700,518200,211000,945000,,,3781800,1407700,3263600,,,2009700,211000
6/30/2011 00:00:00,36700,32097.259,4086100,61700,6.926358,494300,1460000,47300,2575100,1.164623,6.926358,6813900,1831500,5353900,5.947295,12000,2446100,47300
6/30/2012 00:00:00,40300,24954.595,4611300,-324400,,36500,1137500,190100,2270200,-4.991806,-27.129417,6183400,1913000,5045900,5.43479,12000,2787300,190100
6/30/2013 00:00:00,44600,7678.253,4649100,168000,13.314313,654000,1615500,40100,2590100,2.655413,13.314313,6470000,1463200,4854500,5.014028,10000,2788800,40100
6/30/2014 00:00:00,46500,591