Date,Rdexpense,Ceo,Revenue,NetIncome,SustGrowthRate,Ebitda,TotalEquity,ShortTermDebt,LongTermDebt,ReturnOfAssets,ReturnOfEquity,TotalAssets,TotalCurrentLiab,TotalLiab,FinLeverage,NumOfEmployees,GrossProfit,OperatingMargin
12/31/1987 00:00:00,,,189951.996,43379.002,,100420,113635.002,0,40000,,,197669.998,34643.002,84035.002,,,87023.994,0
12/31/1988 00:00:00,,,334985.992,94212.997,56.633232,220944.008,163854.998,0,40000,38.549794,79.511013,291115.997,61437,127261,2.062554,,215535.995,0
12/31/1989 00:00:00,,,367885.986,98704.002,2.622456,228191,168431.997,10000,130000,27.95403,69.601275,415071.991,62471.001,246639.999,2.489848,,224802.994,10000
12/31/1990 00:00:00,4086,,434148.01,90179.001,-17.593609,240027.996,185456.007,10000,294000,16.519341,56.321394,676726.99,67511.002,491270.997,3.409421,4469,238624.008,10000
12/31/1991 00:00:00,6502,,467521.973,96158.966,3.135306,216116.97,186781.998,0,631960.999,10.484301,55.089323,1157614.99,41723,970832.986,5.254458,4486,224771.973,0
12/31/1992 00:00:00,12185,,714314.941,129892.944,16.424079,324700.954,667905.989,78570.999,645012.024,9.110116,41.327794,1694005.005,168576.004,1026099.03,4.795847,4983,357094.94,78570.999
12/31/1993 00:00:00,33748.001,,925932.007,50816.002,-3.68607,243637.001,1227328.019,48791,211867.996,2.667046,5.495838,2116653.076,287739.014,889324.997,4.789762,7057,290877.991,48791
12/31/1994 00:00:00,40380.001,,1212284.058,130240.997,-11.351596,322631.996,1577385.989,24098,525612,5.051184,19.733903,3040197.021,431575.989,1462810.975,6.489853,6074,396923.035,24098
12/31/1995 00:00:00,13888,,1834334.961,253617.996,16.986234,718307.014,1482839.981,86943.001,1080288.94,7.659927,54.734244,3581746.094,526784.973,2098905.914,9.08548,8281,777841.919,86943.001
12/31/1996 00:00:00,0,,1905036.011,226248.993,-0.343045,812238.983,1281030.044,136617.004,1426298.95,6.076017,55.176939,3865533.936,597875,2584503.967,11.762026,8300,779195.069,136617.004
12/31/1997 00:00:00,17629,,2000904.053,245108.002,,878070.023,839386.986,80851.997,2308129.883,6.11414,,4152208.984,475665.009,3312821.869,31.529792,,778445.068,80851.997
12/31/1998 00:00:00,13033,,1757131.958,153848.007,,851688.019,749907.028,127804.001,2328989.014,3.68726,,4192633.789,518487,3442726.99,,6349,675093.994,127804.001
12/31/1999 00:00:00,10626,,1887328.003,136466.995,,894519.043,866308.029,114789.001,2033469.971,3.298077,,4082916.016,515067.017,3216607.971,,6357,682556.03,114789.001
12/31/2000 00:00:00,8849,,1868610,76987,,777889,616731,202294,1987731,1.916612,,3950741,633912,3334010,,6934,574132,202294
12/31/2001 00:00:00,9190,,1838866,113025,,826815,659903,205420,2133180,2.769314,,4211929,628427,3552026,,7488,611538,205420
12/31/2002 00:00:00,,,1910462,164654,,900583,846516,77112,1961278,3.918411,,4192193,537873,3345677,,8405,711554,77112
12/31/2003 00:00:00,6449,,2212165,181660,,1054111,963543,152396,2075934,4.07741,,4718366,631782,3754823,12.86129,8749,910036,152396
12/31/2004 00:00:00,,,2371866,202267,-10.064635,822984,1383097,78214,1873692,4.125641,37.343935,5086995,697562,3703898,11.678151,7858,715167,78214
12/31/2005 00:00:00,,,4179118,995127,119.386395,2428798,2065985,253350,1002598,18.710317,231.732501,5550206,1368978,3484221,13.187,,2289974,253350
12/31/2006 00:00:00,,,5790500,1456509,45.79299,3096318,2658129,19116,660999,26.627202,133.710293,5389802,972449,2731673,5.239191,,3038072,19116
12/31/2007 00:00:00,,67817.067,16939000,2977000,29.40407,7819000,19473000,31000,7180000,12.929199,35.490636,40661000,3869000,21188000,2.951196,25400,7166000,31000
12/31/2008 00:00:00,44000,77265.387,17796000,-11067000,,6154000,7101000,67000,7284000,-34.576811,-138.940276,23353000,3158000,16252000,3.921225,29300,5598000,67000
12/31/2009 00:00:00,,27622.333,15040000,2749000,59.323706,7640000,10757000,16000,6330000,11.141057,60.818291,25996000,3002000,15239000,5.938508,28400,6991000,16000
12/31/2010 00:00:00,,39535.534,18982000,4336000,34.602358,10104000,14560000,95000,4660000,15.658517,45.583529,29386000,3763000,14826000,2.954022,29700,9611000,95000
12/31/2011 00:00:00,,30623.866,20880000,4560000,22.308676,10162000,18553000,4000,3533000,14.839885,32.402473,32070000,2940000,13517000,2.183472,31800,9960000,4000
12/31/2012 00:00:00,,14011.376,18010000,3041000,11.178243,6993000,21311000,2000,3525000,9.009036,18.327558,35440000,3343000,14129000,2.034353,34000,6449000,2000
12/31/2013 00:00:00,0,55260.539,20921000,2658000,-3.110949,8148000,25947000,312000,20394000,5.37442,13.816046,63473000,4773000,37526000,2.570705,36100,6284000,312000
12/31/2014 00:00:00,0,18396.863,20001000,-1308000,,3565000,23225000,478000,18492000,-2.139562,-6.685194,58795000,5172000,35570000,3.117412,35000,1507000,478000
12/31/2015 00:00:00,0,14944.02,14607000,-12236000,,-10015000,12808000,649000,19675000,-23.224386,-93.708597,46577000,4307000,33769000,4.034922,34500,-12808000,649000
12/31/2016 00:00:00,0,24003.605,14830000,-4154000,,-182000,9257000,1232000,14795000,-9.902973,-59.86022,37317000,4265000,28060000,6.044672,25200,-2750000,1232000
12/31/2017 00:00:00,0,,16403000,1817000,25.905332,5347000,11296000,1414000,11703000,4.870073,25.905332,37302000,5038000,26006000,5.31929,25200,4381000,1414000
12/31/2017 00:00:00,0,24003.605,16403000,1817000,25.9053321927573,5347000,11296000,1414000,11703000,4.87007330572642,25.9053321927573,37302000,5038000,26006000,4.99190635451505,25200,4381000,1414000
