Date,Rdexpense,Ceo,Revenue,NetIncome,SustGrowthRate,Ebitda,TotalEquity,ShortTermDebt,LongTermDebt,ReturnOfAssets,ReturnOfEquity,TotalAssets,TotalCurrentLiab,TotalLiab,FinLeverage,NumOfEmployees,GrossProfit,OperatingMargin
1/31/1987 00:00:00,,,1629917.969,72939.003,,172504.997,451196.014,55000,266053.986,,,1071124.023,324696.991,619927.977,,17800,534333.984,55000
1/31/1988 00:00:00,,,1920230.957,92733.002,15.873142,191950.001,533209,109886.002,239251.999,8.044883,18.840416,1234266.968,394699.005,701058.006,2.341913,21000,619347.9,109886.002
1/31/1989 00:00:00,,,2327946.045,123332.001,17.972126,241740.005,639941.01,115598.999,369519.989,8.982764,21.025785,1511703.003,448165.009,871761.997,2.340681,25000,764114.014,115598.999
1/31/1990 00:00:00,,,2671114.014,114908.997,13.411244,243445.007,733250,130371.994,440613.007,7.139149,16.736054,1707420.044,489888,974170.006,2.344265,28000,841730.957,130371.994
1/31/1991 00:00:00,,,2893904.053,115816.002,11.709988,231499.001,826410.004,159936.005,478742.004,6.416383,14.851442,1902588.989,551835.022,1076179.027,2.314613,29000,893654.053,159936.005
1/31/1992 00:00:00,,,3179820.068,135815.002,12.512736,274912.003,939231.018,143535.995,502199.005,6.88636,15.384215,2041875,553903.015,1102644.02,2.234012,31000,1010383.056,143535.995
1/31/1993 00:00:00,0,,3421979.004,136619.003,11.090053,283552.001,1052030.975,79635.002,440628.998,6.672406,13.721851,2053169.922,511196.014,1001139.011,2.056507,33000,1082872.07,79635.002
1/31/1994 00:00:00,0,,3589937.988,140417.999,10.145254,283520.996,1166503.998,142501.007,336410.004,6.638127,12.658624,2177480.957,627484.985,1010976.99,1.906957,33000,1120634.033,142501.007
1/31/1995 00:00:00,0,,3894478.027,202957.993,13.650617,382367.004,1343799.942,163354.996,297942.993,8.873908,16.169994,2396782.959,690453.979,1052982.971,1.822195,35000,1294925.048,163354.996
1/31/1996 00:00:00,0,,4113517.09,165112,8.971538,320824.005,1422971.984,306710.999,365733.002,6.437866,11.935353,2732618.896,832312.988,1309646.988,1.85393,37000,1307267.09,306710.999
1/31/1997 00:00:00,0,,4453062.988,147505.005,7.391364,309557.999,1473191.94,215072.006,329329.987,5.427841,10.186233,2702507.08,787377.014,1229315.002,1.876664,39600,1371025.879,215072.006
1/31/1998 00:00:00,0,,4851624.023,186212.997,9.839396,392607.01,1475058.06,364895.996,319735.992,6.689081,12.632104,2865163.086,942606.018,1390105.011,1.888466,41000,1555811.035,364895.996
1/31/1999 00:00:00,,,5027890.137,206723.007,11.653355,454828.995,1316652.969,142123.993,804893.005,6.913154,14.809771,3115406.982,768541.992,1798753.998,2.14226,42000,1682945.068,142123.993
1/31/2000 00:00:00,,,5149266.113,202557.007,12.636062,459388.016,1185613.998,129125,746791.016,6.557909,16.18988,3062081.055,866508.972,1876466.98,2.468757,45000,1789506.104,129125
1/31/2001 00:00:00,,,5528537.109,101917.999,4.635924,336272.003,1229568.024,95646.004,1099709.961,3.055744,8.439778,3608502.93,950567.993,2378934.967,2.761938,43000,1879020.996,95646.004
1/31/2002 00:00:00,,,5634129.883,124688.004,6.007965,358725.007,1314488,78375,1351044,3.255697,9.8023,4051179,950138,2736691,3.010815,43000,1868270.996,78375
1/31/2003 00:00:00,,,5944655.762,90223.999,3.387792,425354.996,1372864,5789,1345050,2.210537,6.714714,4111907,885145,2739043,3.037595,44000,1974633.789,5789
1/31/2004 00:00:00,,,6448678.223,242841.003,12.437373,584685.99,1634009,7119,1227410,5.662217,16.152395,4465688,1049549,2831679,2.852663,46000,2233132.325,7119
1/29/2005 00:00:00,,,7131388,393450,19.059872,816536,1788994,101097,929010,8.674823,22.988586,4605390,1341152,2816396,2.650035,49700,2572000,101097
1/28/2006 00:00:00,,,7722860,551339,23.914573,1010499,2092681,306618,627776,11.574559,28.407273,4921349,1623312,2828668,2.454286,51400,2834837,306618
2/3/2007 00:00:00,,,8560698,677999,26.651682,1194406,2168521,6800,623652,13.917768,31.82196,4821578,1433143,2653057,2.286427,52900,3206749,6800
2/2/2008 00:00:00,,,9080000,715000,35.38884,1463000,1115000,261000,2236000,13.72153,43.55081,5600000,1635000,4485000,3.173903,55000,3554000,261000
1/31/2009 00:00:00,0,,8573000,401000,22.623656,1081000,1210000,299000,2214000,7.121925,34.494624,5661000,1601000,4451000,4.843441,51000,3156000,299000
1/30/2010 00:00:00,0,,8627000,441000,21.728828,1147000,1572000,356000,2257000,7.205882,31.70381,6579000,2014000,5007000,4.399712,48000,3299000,356000
1/29/2011 00:00:00,0,,9700000,613000,24.826051,1445000,2021000,6000,2775000,8.731572,34.121904,7462000,1879000,5441000,3.907876,,3803000,6000
1/28/2012 00:00:00,0,,10860000,683000,24.440533,1620000,1956000,506000,3141000,8.562653,34.347498,8491000,2575000,6535000,4.011315,56500,4268000,506000
2/2/2013 00:00:00,0,,12134000,735000,26.621866,1774000,1913000,7000,3124000,8.866104,37.994314,8089000,2226000,6176000,4.285345,61000,4702000,7000
2/1/2014 00:00:00,0,,12540000,734000,25.043827,1804000,2080000,7000,3106000,8.809938,36.764338,8574000,2541000,6494000,4.173053,62500,4803000,7000
1/31/2015 00:00:00,0,,13506000,720000,20.752212,1831000,2440000,8000,3123000,8.081262,31.858407,9245000,2800000,6805000,3.942257,67000,5100000,8000
1/30/2016 00:00:00,0,,14437000,600000,-35.336756,1677000,871000,10000,2795000,7.082571,36.242827,7698000,2911000,6827000,5.117185,72500,5269000,10000
1/28/2017 00:00:00,0,,14757000,354000,11.257898,1450000,870000,11000,2763000,4.551299,40.666284,7858000,3029000,6988000,8.935095,72500,5317000,11000
