Date,Rdexpense,Ceo,Revenue,NetIncome,SustGrowthRate,Ebitda,TotalEquity,ShortTermDebt,LongTermDebt,ReturnOfAssets,ReturnOfEquity,TotalAssets,TotalCurrentLiab,TotalLiab,FinLeverage,NumOfEmployees,GrossProfit,OperatingMargin
12/31/1987 00:00:00,8.888,,148.095001,12.725,,26.241,75.215997,0.437,3.704,,,104.964996,24.548,29.749,,1180,76.675003,0.437
12/31/1988 00:00:00,12.193,,178.636002,15.86,19.081421,30.961,91.018997,3.576,3.121,13.803607,19.081421,124.830002,28.733,33.811,1.38235,1408,93.598999,3.576
12/31/1989 00:00:00,15.572,,225.860001,19.23,18.941334,36.618,112.028997,3.369,2.655,13.876311,18.941334,152.332993,35.509998,40.303998,1.365012,1599,118.960999,3.369
12/31/1990 00:00:00,19.663,,280.634003,33.535,25.805683,42.173002,147.874994,2.745,1.9,18.5351,25.805683,209.520996,57.757,61.646,1.39226,1913,147.751999,2.745
12/31/1991 00:00:00,23.702999,,364.825012,33.075001,18.730741,61.446,179.875005,7.246,1.4,13.785932,20.183067,270.31601,88.382004,90.441004,1.464034,2448,192.348007,7.246
12/31/1992 00:00:00,32.313,,477.053986,47.700001,21.741367,85.082996,232.261005,1.192,1.433,15.624283,23.147699,340.272003,101.407997,108.010997,1.481521,2906,255.403992,1.192
12/31/1993 00:00:00,36.199001,,557.335022,60.205002,22.011735,108.125002,288.434002,1.659,31.282,15.155902,23.124862,454.20401,129.886002,165.770002,1.525799,3228,300.587036,1.659
12/31/1994 00:00:00,39.630001,,681.919983,72.400002,21.342818,141.419998,358.265995,5.577,95.276001,11.847731,22.390599,767.971008,179.210999,409.705002,1.889864,4221,381.538971,5.577
12/31/1995 00:00:00,43.771,,871.952026,87.010002,20.464098,185.965004,559.271998,3.052,96.967003,10.723032,21.416661,854.890991,174.438004,295.619008,1.997258,4629,502.508026,3.052
12/31/1996 00:00:00,56.869999,,910.059998,104.459999,20.330272,168.840996,616.229006,4.403,89.501999,11.302767,21.217907,993.505981,251.740997,377.276996,1.877231,5274,517.701996,4.403
12/31/1997 00:00:00,56.895,,980.13501,125.32,20.232238,217.237999,648.447001,73.626999,4.449,12.667664,21.92565,985.075012,303.010986,336.627985,1.730836,5691,582.369019,73.626999
12/31/1998 00:00:00,61.06,,1103.208,39.57,4.425031,226.46,668.809,15.014,1487.971,2.044472,6.256868,2885.852,699.455,2217.043,3.060384,,631.135,15.014
12/31/1999 00:00:00,105.199997,,2103.699951,19.4,1.012409,363.199997,671.5,106.300003,1181.099976,0.709797,2.931455,2580.5,669.599976,1908.99995,4.12999,10925,1113.999939,106.300003
12/31/2000 00:00:00,122.199997,,2289.399902,221,27.30608,635,854.900002,136,876.5,8.820067,28.957023,2430.800049,617.400024,1575.900024,3.283084,12084,1474.19989,136
12/31/2001 00:00:00,142.100006,,2602.300049,267,25.916792,644.600006,1056.199989,1.7,720.900024,11.000329,27.942023,2423.600098,533.400024,1367.400047,2.540108,12839,1638.500061,1.7
12/31/2002 00:00:00,141.399994,,3011.600098,345.600006,25.203571,750.800018,1498.199951,10.7,491,13.193106,27.059193,2815.5,707.5,1317.300003,2.05101,14045,1900.400146,10.7
12/31/2003 00:00:00,180.199997,,3625.300049,453.5,23.299754,900.999985,2154.799957,7.3,18.799999,15.180932,24.828908,3159.100098,850.5,1004.299999,1.635533,14762,2312.900024,7.3
12/31/2004 00:00:00,211,,4262.3,465.7,17.506318,1092.1,2752,9.3,0.7,12.85949,18.981821,4083.8,1113.5,1331.8,1.476094,15891,2752.2,9.3
12/31/2005 00:00:00,284.7,,4871.5,643.6,19.794455,1255.9,3300.2,47.4,184.2,14.18199,21.268299,4992.5,1248.8,1692.3,1.49967,17265,3153,47.4
12/31/2006 00:00:00,324.6,,5147.2,777.7,18.355928,1448.1,4191,14.8,0,14.31398,20.763029,5873.8,1351.5,1682.8,1.450542,18806,3530.6,14.8
12/31/2007 00:00:00,375.3,6.587865,6000.5,1017.4,18.349807,1693.7,5378.5,16.8,0,15.382755,21.263389,7354,1333,1975.5,1.382287,,4135.3,16.8
12/31/2008 00:00:00,367.8,5.902583,6718.2,1147.8,18.343656,1941.5,5406.7,20.5,0,15.34769,21.284724,7603.3,1462.1,2196.6,1.386836,17594,4586.8,20.5
12/31/2009 00:00:00,336,3.911994,6723,1107,16.79748,1979,6595.1,18,0,13.27768,18.447233,9071.3,1441,2476.2,1.389342,18582,4539,18
12/31/2010 00:00:00,394,4.706532,7320,1273,15.029305,1974,7174,25,996,12.751486,18.490678,10895,1605,3721,1.45008,20036,5034,25
12/31/2011 00:00:00,462,9.542856,8307,1345,14.175136,1968,7683,17,1751,11.674841,18.105943,12146,1840,4463,1.550851,21241,5496,17
12/31/2012 00:00:00,471,26.728991,8657,1298,11.965602,2018,8597,16,1746,10.239823,15.945946,13206,1876,4609,1.557248,22000,5876,16
12/31/2013 00:00:00,536,8.436919,9021,1006,6.857855,1563,9047,25,2739,6.950154,11.40331,15743,2657,6696,1.640728,25000,6019,25
12/31/2014 00:00:00,614,9.120147,9675,515,0.603446,1624,8595,727,3246,3.119133,5.83834,17279,4461,8684,1.871783,26000,6356,727
12/31/2015 00:00:00,625,10.47035,9946,1439,10.733076,2258,8511,768,3230,8.590532,16.824506,16223,3502,7712,1.958494,27000,6602,768
12/31/2016 00:00:00,715,12.797399,11325,1647,11.948397,2712,9550,228,6686,8.98576,18.238193,20435,3148,10885,2.029677,,7495,228
12/31/2017 00:00:00,787,14.005086,12444,1020,3.935233,2932,9980,632,6590,4.785138,10.452962,22197,3485,12217,2.184464,33000,8173,632
12/31/2017 00:00:00,787,14.005086,12444,1020,,2932,9980,632,6590,4.78513792456371,10.4529616724739,22197,348