Date,Rdexpense,Ceo,Revenue,NetIncome,SustGrowthRate,Ebitda,TotalEquity,ShortTermDebt,LongTermDebt,ReturnOfAssets,ReturnOfEquity,TotalAssets,TotalCurrentLiab,TotalLiab,FinLeverage,NumOfEmployees,GrossProfit,OperatingMargin
9/30/2005 00:00:00,0,,2664.605,360.445,,720.784,,,,,,,,,,5479,,
9/30/2006 00:00:00,0,,2948.126,454.561,,892.711,620.654,32.339,41.28,,,2963.918,1392.963,2343.264,,5479,,32.339
9/30/2007 00:00:00,0,11.147317,3589.796,-1076.095,,1339.975,-462.717,41.28,0,-29.26543,,4390.117,3282.089,4852.834,90.247954,5479,,41.28
9/30/2008 00:00:00,0,17.974496,6263,804,,2939,22277,51,55,4.084212,,34981,7165,12704,1.808032,5765,,51
9/30/2009 00:00:00,0,13.167514,6911,2353,8.951744,3764,23193,12,44,6.996521,10.350592,32281,4442,9088,1.479391,5700,,12
9/30/2010 00:00:00,0,12.914881,8065,2966,10.780083,4854,25014,12,32,9.030431,12.307054,33408,3498,8394,1.362842,,,12
9/30/2011 00:00:00,0,11.82409,9188,3650,12.544705,5744,26437,0,,10.708837,14.189084,34760,3451,8323,1.324988,,,0
9/30/2012 00:00:00,0,9.70011