Date,Rdexpense,Ceo,Revenue,NetIncome,SustGrowthRate,Ebitda,TotalEquity,ShortTermDebt,LongTermDebt,ReturnOfAssets,ReturnOfEquity,TotalAssets,TotalCurrentLiab,TotalLiab,FinLeverage,NumOfEmployees,GrossProfit,OperatingMargin
12/31/1987 00:00:00,0,,1770328.979,204914.001,,628203.995,1669089.996,108699.997,1248500,,,4401232.91,455920.99,2732143.036,,8265,1224570.984,108699.997
12/31/1988 00:00:00,0,,2006458.008,214779.999,4.542009,702174.011,1777299.042,13396,1275718.018,4.828289,13.916364,4495500,371782.99,2718200.958,3.182666,8158,1390015.015,13396
12/31/1989 00:00:00,0,,1989713.989,221957.001,4.48654,694335.999,1786476.044,46123.001,1262666.992,4.88445,13.912523,4592811.035,466013,2806335.022,3.120175,8014,1363799.011,46123.001
12/31/1990 00:00:00,0,,2064548.096,195487,2.104501,697230.011,1827599.03,29462,1239519.043,4.179256,11.768977,4762298.828,555122.986,2934700.012,3.104857,7795,1423121.094,29462
12/31/1991 00:00:00,0,,2201157.959,224046.997,2.755653,727509.003,1877338.959,69223.999,1233907.959,4.709414,13.276953,4752557.129,525010.986,2873578.003,3.065432,8126,1535319.946,69223.999
12/31/1992 00:00:00,0,,2159521.973,206440.002,-0.932965,653270.996,1897590.973,220587.006,1299849.976,4.24325,11.895735,4977721.191,667237.976,3080129.944,3.041731,8231,1484331.97,220587.006
12/31/1993 00:00:00,0,,2403991.943,211740.005,1.654998,762207.001,2067922.973,338417.999,1291866.943,4.008163,11.43105,5587717.773,871021.973,3519794.922,3.062844,7880,1597837.951,338417.999
12/31/1994 00:00:00,0,,2486547.119,243475.006,2.997459,787681.976,2137435.974,396144.989,1463354.004,4.2192,12.410574,5953570.801,963645.02,3816135.01,3.098814,7670,1652224.121,396144.989
12/31/1995 00:00:00,0,,2568583.984,275795.013,4.222143,865101.013,2267860.047,383553.986,1542286.011,4.527852,13.4211,6228584.961,991372.986,3960725.037,3.104242,6829,1741580.993,383553.986
12/31/1996 00:00:00,0,,2654206.055,274539.001,3.592032,908832.977,2376348.938,629585.022,1592567.993,4.267838,12.600381,6636899.902,1236400.024,4260551.025,3.090235,6470,1777486.084,629585.022
12/31/1997 00:00:00,0,,2733746.094,251757.004,1.068238,905553.985,2772067.901,424772.003,1878875,3.653692,10.03854,7144065.918,1034017.944,4371997.924,3.057268,6718,1806212.097,424772.003
12/31/1998 00:00:00,0,,2819174.072,298122.986,2.545078,932885.01,2786585.968,609030.029,1851145.996,4.100627,11.408468,7396295.898,1232261.963,4609710.938,2.996176,7907,1862849.06,609030.029
12/31/1999 00:00:00,0,,7703418.945,609732.971,8.889545,1889265.015,5904255.998,1863734.985,5827484.863,4.788481,14.556867,18070359.375,3483218.994,12166101.807,3.276944,9098,5061052.002,1863734.985
12/31/2000 00:00:00,0,,9040751.953,565627.991,0.167733,2410897.949,6438439.178,2078683.105,7583440.918,2.839554,9.631161,21768849.609,4671808.105,15330404.053,3.671138,15812,5511884.033,2078683.105
12/31/2001 00:00:00,0,,11116349.609,833765.991,3.99523,2690789.978,7408547.058,2617750,11555589.844,3.300543,13.451981,28754109.375,5469080.078,21345567.871,4.297536,16595,6427132.812,2617750
12/31/2002 00:00:00,0,,9452810.547,-2217990.967,,2471787.964,4805066.04,9298223.633,7044248.047,-7.919706,-40.927113,27257839.844,12348839.844,22452779.785,5.157894,14642,6401724.609,9298223.633
12/31/2003 00:00:00,,,7859004.883,622392.029,5.363481,1934976.013,5271701.097,218518.005,6493853.027,2.622629,12.575005,20205380.859,2671065.918,14933678.711,4.827706,11048,3962169.922,218518.005
12/31/2004 00:00:00,,,8215560.547,355960.999,2.544231,1858035.95,5311117.942,535955.017,6493020.02,1.757388,6.783834,20304843.75,2335993.896,14993724.854,3.906724,10650,3729028.32,535955.017
12/31/2005 00:00:00,,,9625477,512972,2.940718,1920123,5503782,1581615,5897789,2.453838,9.600353,21504920,3672826,16001138,3.944997,9781,3880191,1581615
12/31/2006 00:00:00,,,9840304,571754,3.695296,2081654,5923362,962711,6449638,2.630976,10.123245,21958346,2865281,16034984,3.876469,9735,4092533,962711
12/31/2007 00:00:00,,9209.281,10034170,577348,3.127461,2260423,6405982,1726095,6342160,2.557859,9.458909,23184727,3641124,16778745,3.725345,10917,4349554,1726095
12/31/2008 00:00:00,,5073.512,11203156,645554,3.403648,2338386,7068721,1014022,7731688,2.681806,9.669437,24958495,3046245,17889774,3.629412,11223,4422478,1014022
12/31/2009 00:00:00,0,11340.182,9644303,680887,3.289415,2384273,7388225,1002814,7888628,2.709219,9.498795,25305961,3089999,17917736,3.528076,11351,4683266,1002814
12/31/2010 00:00:00,0,9956.433,10310947,755834,3.645128,2597524,8188499,521815,9263144,2.868786,9.78206,27387690,2536533,19199191,3.429066,11290,5107821,521815
12/31/2011 00:00:00,0,16052.585,10654770,841172,3.995902,2791357,8482198,1278922,8848513,2.95745,10.073551,29497267,3588639,21015069,3.433896,11312,5468703,1278922
12/31/2012 00:00:00,0,10965.786,10128223,905229,4.393339,2869036,8874077,860155,10143905,2.985685,10.431144,31140686,2937073,22266609,3.493719,11028,5594282,860155
12/31/2013 00:00:00,0,15743.562,10914922,948234,4.275124,2947487,9565950,1039763,10910754,2.915482,10.284519,33907490,3654498,24341540,3.527553,11457,5780176,1039763
12/31/2014 00:00:00,0,12870.477,11686135,1021306,4.21315,3099187,10214482,1277226,11499634,2.882384,10.326428,36957884,4064583,26743402,3.5826,11589,6069162,1277226
12/31/2015 00:00:00,0,9433.17,11024486,984485,3.214369,3249902,10600920,1503021,12398880,2.598293,9.459198,38821477,4058297,28220557,3.640543,11601,6320523,1503021
12/31/2016 00:00:00,0,11520.12,11106920,1123379,3.9906,3649589,11020849,647529,14194718,2.809264,10.391185,41155277,3247043,30134428,3.6989,11440,6620471,647529
12/31/2017 00:00:00,0,12676.399,11404000,1148000,3.666157,3799000,11455000,1271000,14520000,2.727318,10.215409,43030000,4088000,31575000,3.745588,11075,6790000,1271000
12/31/2017 00:00:00,0,12676.399,11404247,1147674,0.249314891180264,3799270,11455000,1271000,14520000,2.72654326480389,10.2125085463957,43030000,4088000,31575000,3.73448877862018,11075,6791098.99902344,1271000
