Date,Rdexpense,Ceo,Revenue,NetIncome,SustGrowthRate,Ebitda,TotalEquity,ShortTermDebt,LongTermDebt,ReturnOfAssets,ReturnOfEquity,TotalAssets,TotalCurrentLiab,TotalLiab,FinLeverage,NumOfEmployees,GrossProfit,OperatingMargin
12/31/1988 00:00:00,0,,1238.527378,39.094026,,142.803574,286.566952,124.514568,159.735157,,,997.234899,502.24299,710.667924,,16464,,124.514568
12/31/1989 00:00:00,11.428494,,1415.997388,26.297455,,177.124413,2.750796,145.602229,484.006574,2.54303,,1070.963353,540.811512,1068.212543,9.984119,16373,,145.602229
12/31/1990 00:00:00,24.758024,,1343.230673,30.325921,,165.167535,36.182866,121.334781,459.531025,2.902147,,1018.932459,482.450671,982.749614,,15183,,121.334781
12/31/1991 00:00:00,0,,1599.989357,14.95845,16.315142,174.243737,119.875699,263.708904,419.785601,1.314635,29.610973,1256.749055,651.723494,1136.873286,22.524106,18322,,263.708904
12/31/1992 00:00:00,,,1772.946638,13.154978,9.581502,181.368747,133.211936,164.006335,409.821368,1.097787,15.976412,1139.886462,533.371099,1006.674526,14.553288,17178,,164.006335
12/31/1993 00:00:00,,,1502.700533,-51.768179,57.095877,115.823139,124.439402,193.487076,364.567644,-4.624247,-59.89118,1099.102256,492.145215,974.662814,12.951554,16876,,193.487076
12/31/1994 00:00:00,,,1707.700394,13.952744,3.930869,151.523195,192.170668,136.531819,318.616622,1.234129,10.552885,1162.045686,573.932289,969.875018,8.550875,14898,,136.531819
12/31/1995 00:00:00,,,1910.445379,14.071045,2.764785,146.335811,206.385481,223.429276,263.523367,1.194743,7.657375,1193.447131,650.881079,987.061649,6.409222,16098,,223.429276
12/31/1996 00:00:00,,,2114.666023,46.222544,17.023307,181.368598,248.446163,127.386395,251.129274,3.85812,22.117665,1202.670297,605.100632,954.224132,5.732757,16099,,127.386395
12/31/1997 00:00:00,182.786372,,3540.475976,63.266342,9.966221,343.924983,955.397991,133.697788,636.322198,3.200555,11.614077,2750.790067,1055.556995,1795.392076,3.628769,16681,,133.697788
12/31/1998 00:00:00,235.533732,,3937.148319,31.0996,2.265186,330.661918,945.183907,167.54147,674.891799,1.096479,3.580518,2921.837864,1189.407232,1976.653958,3.265467,29154,,167.54147
12/31/1999 00:00:00,314.200012,,4261.899902,56.200001,4.609665,349.199997,1020.900015,181.399994,1025.800049,1.737159,5.989345,3548.5,1323,2527.600052,3.447781,31808,,181.399994
12/31/2000 00:00:00,372.5,,5839.600098,-38.799999,,379.499992,983.100009,539.299988,825.900024,-0.996942,-3.967686,4235.299805,2172.199951,3252.199981,3.979855,36390,,539.299988
12/31/2001 00:00:00,648.099976,,9610.700195,-56.299999,,551.800018,2100.499951,1485.400024,809,-0.98188,-3.743351,7232.5,3931.300049,5132.000061,3.812433,55089,,1485.400024
12/31/2002 00:00:00,615.900024,,9865.5,-59.099998,,582.600006,1939.499962,1349.599976,820.099976,-0.823762,-2.998782,7116.299805,4010.199951,5176.799927,3.640349,58878,,1349.599976
12/31/2003 00:00:00,532.299988,,10122.700195,10.1,-0.644132,633.199982,1877.900013,1600,609.799988,0.142847,0.545415,7024.700195,4177.200195,5146.800171,3.818177,59578,,1600
12/31/2004 00:00:00,264.2,,10719.5,130.7,6.023775,888.1,1700.9,1762,521,1.848499,7.565409,7116.5,4346.4,5415.6,4.09273,62507,979,1762
12/31/2005 00:00:00,259.5,,10978.5,-182.5,,761,1540.3,1622.4,599,-2.579341,-11.714111,7034.4,4384.6,5494.1,4.541513,61722,847.2,1622.4
12/31/2006 00:00:00,285.1,,11648.7,-447.9,,574.5,1090.6,1234.3,1065.6,-6.503369,-35.799065,6740,4087.4,5649.4,5.504696,65682,711.4,1234.3
12/31/2007 00:00:00,268.6,,12660.7,-237.5,,598.2,846.3,1023.5,1160,-3.598076,-25.978998,6461.5,4231.8,5615.2,7.220247,69713,746,1023.5
12/31/2008 00:00:00,269.9,,12010.7,-574.8,,825.6,243.5,541.3,1475.9,-9.834635,-114.399443,5227.8,3274.7,4984.3,11.632302,61357,713.9,541.3
12/31/2009 00:00:00,493.2,,9292.2,-433.6,,404.9,302.7,522.8,1216.5,-8.568577,-188.603741,4892.9,3154.7,4590.2,22.011092,58414,452.1,522.8
12/31/2010 00:00:00,689.1,,13795.9,201.7,32.622881,953.4,898.2,687.1,1102.6,3.546904,37.792767,6480.4,4222.3,5582.2,10.655143,75676,1202.6,687.1
12/31/2011 00:00:00,759.6,,16190.2,371.3,33.869994,1111.6,1267.4,609.7,1234.2,5.402692,37.802891,7264.6,4521.3,5997.2,6.997047,,1383.8,609.7
12/31/2012 00:00:00,943,1.10077168,17364.5,143.5,12.080141,1011.8,1354.5,758.3,1664,1.871536,12.080141,8070.4,4729.8,6715.9,6.454668,93918,1325.8,758.3
12/31/2013 00:00:00,916.5,0.84737168,18028.6,87.6,4.037008,1070.3,1642.3,920.8,1305.1,1.068215,6.432426,8330.8,5076,6688.5,6.021662,97419,1392.5,920.8
12/31/2014 00:00:00,214.4,1.40737168,16876.6,166.4,6.689698,1101.1,1882.9,1377.9,1029,1.90922,10.32002,9100.4,5808,7217.5,5.405358,99281,1389.7,1377.9
12/31/2015 00:00:00,278.4,1.69715864,18770.4,371.8,12.871478,1441.8,2609.5,916.3,964.2,3.941419,18.045916,9765.9,5833.4,7156.4,4.578532,102869,1745.6,916.3
12/31/2016 00:00:00,289.5,1.1751316,18710.5,637.8,17.286901,1639.3,3157.1,310.6,1592.2,6.280557,23.88943,10544.4,5377.7,7387.3,3.803712,98608,1925.9,310.6
12/31/2017 00:00:00,265,,20181.7,610.2,14.903165,1889.3,3508.3,421.3,1598.4,5.537984,19.761643,11492.5,5968.5,7984.2,3.568382,109275,2115.7,421.3
12/31/2017 00:00:00,,1.1751316,20181.7,,,,,,,,,,,,,,,
