Date,Rdexpense,Ceo,Revenue,NetIncome,SustGrowthRate,Ebitda,TotalEquity,ShortTermDebt,LongTermDebt,ReturnOfAssets,ReturnOfEquity,TotalAssets,TotalCurrentLiab,TotalLiab,FinLeverage,NumOfEmployees,GrossProfit,OperatingMargin
7/31/1988 00:00:00,2.403272,,2255.046229,111.456143,,208.156128,446.63833,82.705862,110.023116,,,1105.366273,509.648415,658.727931,,13339,,82.705862
7/31/1989 00:00:00,2.90132,,2808.922466,133.277917,19.482309,246.719889,503.533501,78.760153,140.175574,11.092111,27.77576,1266.176676,581.957116,762.643146,2.5041,14998,,78.760153
7/31/1990 00:00:00,3.245246,,3038.287049,128.767018,16.990628,257.509356,591.683619,91.699108,136.057864,10.2532,25.325646,1429.388326,649.815496,837.704747,2.470024,15223,,91.699108
7/31/1991 00:00:00,3.018494,,3202.001186,91.577568,7.127103,237.390356,591.691628,70.886055,104.440484,6.51317,14.912273,1280.331784,535.86375,688.640158,2.289557,14806,,70.886055
7/31/1992 00:00:00,2.365656,,3485.264413,105.508977,8.494083,228.485624,664.206867,540.925864,40.693379,6.6008,17.067821,1991.038089,1192.586626,1326.831217,2.58572,14502,,540.925864
7/31/1993 00:00:00,2.480699,,3958.230669,128.440124,12.111404,259.982325,629.534721,278.136282,296.252411,6.909124,21.097199,1937.047856,895.04155,1307.513062,3.053527,16318,,278.136282
7/31/1994 00:00:00,4.280532,,4887.440056,203.054959,18.171329,363.535879,865.779476,449.165046,331.269822,8.944604,27.562496,2650.015148,1301.823638,1784.235619,3.081466,19073,,449.165046
7/31/1995 00:00:00,4.981067,,5989.100353,258.898357,18.358774,465.034111,1020.883957,529.183809,344.964191,9.104739,27.411885,2998.472358,1485.977629,1977.588317,3.010727,21503,,529.183809
7/31/1996 00:00:00,6.795004,,6613.391896,250.642992,14.664943,457.890609,1220.29483,529.297639,335.849545,8.187164,22.908716,3249.5544,1541.51515,2029.259572,2.798126,22774,,529.297639
7/31/1997 00:00:00,5.525863,,7441.711922,287.019836,13.896758,517.805849,1384.96515,663.1373,255.09065,8.285245,21.751448,3565.695,1786.946,2180.729887,2.625323,24955,,663.1373
7/31/1998 00:00:00,4.604265,,7738.619047,289.410961,11.817842,545.605429,1569.02468,734.06193,307.11088,7.697017,19.549039,3915.54106,1927.40235,2346.516447,2.53982,25833,,734.06193
7/31/1999 00:00:00,3.928462,,8585.817394,325.571291,10.855798,604.819498,1780.08768,950.21266,310.250345,7.633265,19.378409,4562.447681,2364.42226,2782.360127,2.538679,28582,,950.21266
7/31/2000 00:00:00,2.380754,,9697.761797,302.831861,9.28317,699.306707,1985.195393,702.0941,606.483438,6.294849,15.783596,4868.801394,2171.321577,2883.606173,2.507383,33385,2640.255723,702.0941
7/31/2001 00:00:00,,,10308.036395,267.169482,8.042746,713.173605,2132.070755,818.262623,964.5896,5.109943,13.129522,5693.21591,2474.307645,3561.14509,2.569407,34734,2736.214061,818.262623
7/31/2002 00:00:00,,,11591.263084,419.273322,11.562187,820.507069,2502.563666,805.875859,793.987929,7.305635,18.615768,6090.9948,2611.4319,3588.431229,2.548138,37136,3094.213568,805.875859
7/31/2003 00:00:00,,,13083.732498,474.90399,10.390919,900.789757,2851.494161,615.71833,1354.066,6.796957,17.687679,7853.421922,3416.585839,5001.927909,2.602294,39299,3544.909924,615.71833
7/31/2004 00:00:00,,,18120.099737,698.408714,14.031175,1279.125884,3453.66021,1038.15003,1552.41291,7.766952,21.598977,9690.36876,4399.74411,6236.70855,2.780882,48379,5628.259443,1038.15003
7/31/2005 00:00:00,,,20827.862038,886.331371,15.417926,1506.208218,4046.7687,1232.8487,1837.8415,8.094361,22.793785,11429.7913,4873.3577,7383.0226,2.816008,53668,5702.866986,1232.8487
7/31/2006 00:00:00,,,25288.181369,959.157607,14.347026,1796.857639,4842.3744,943.441,3893.3288,7.367771,21.949724,15091.3196,5595.259,10248.9452,2.979154,65223,7030.250167,943.441
7/31/2007 00:00:00,,2.150873893779,31614.280059,923.812881,8.704286,2028.880189,7026.5811,1696.0713,4397.976,5.25266,15.687572,20299.917,7808.4435,13273.3359,2.986596,78948,8807.40593,1696.0713
7/31/2008 00:00:00,,2.262987952169,29623.632839,147.978185,1.50872,2205.674836,6656.1944,1054.2112,5788.2536,0.730179,2.173275,20408.4984,7524.1352,13752.304,2.976358,62774,8360.767443,1054.2112
7/31/2009 00:00:00,0,1.628240812899,22855.778997,-1856.507774,,1006.597565,5636.5696,362.3032,2865.0336,-12.117769,-34.832962,15128.2456,5269.2576,9491.676,2.874536,55132,6294.400185,362.3032
7/31/2010 00:00:00,0,3.003894619378,20761.897812,-534.654643,,698.196064,4801.1005,502.24,1316.8105,-3.966171,-10.567211,12687.838,5212.3095,7886.7375,2.664336,48226,5734.957307,502.24
7/31/2011 00:00:00,0,3.225233942669,21664.304509,433.030426,4.615993,1161.67203,5547.7808,340.1631,1283.4173,3.395564,8.422688,12945.9174,4448.4131,7398.1366,2.480497,46246,6043.251192,340.1631
7/31/2012 00:00:00,0,8.88188708342,21198.477011,90.031532,-13.485943,1184.62542,4909.0977,181.7604,1134.4356,0.759089,1.751421,11187.666,4020.6654,6278.5683,2.307267,43170,5839.413569,181.7604
7/31/2013 00:00:00,0,7.99369467879,20587.656009,463.27704,-8.22211,1130.020347,4633.5381,95.6151,1136.7573,4.174305,9.569997,10687.6434,4141.8033,6054.1053,2.292596,39995,5718.967239,95.6151
7/31/2014 00:00:00,0,9.703359810942,20163.711956,828.172995,-1.126809,1413.152333,4873.011,280.291,1396.3895,7.309645,16.972554,11393.998,4390.1,6520.987,2.32194,35535,5600.026921,280.291
7/31/2015 00:00:00,0,5.96161017486,20826.760063,332.740766,2.104592,1516.860488,4073.4375,1570.3125,1465.625,2.993675,7.765221,11690.625,5360.9375,7617.1875,2.593875,37054,5823.744488,1570.3125
7/31/2016 00:00:00,0,4.574705993186,18366.648822,964.508851,11.924758,1460.667426,3837.4428,932.574,1590.0056,8.430883,23.950572,10782.1428,4678.7436,6944.7,2.840814,38175,5257.231857,932.574
7/31/2017 00:00:00,0,7.06400873578,19294.162574,992.336396,17.493298,1978.336034,4532.084,2149.97,1101.365,8.870511,24.69642,12534.457,5389.434,8002.373,2.784103,39205,5586.486378,2149.97
