Date,Rdexpense,Ceo,Revenue,NetIncome,SustGrowthRate,Ebitda,TotalEquity,ShortTermDebt,LongTermDebt,ReturnOfAssets,ReturnOfEquity,TotalAssets,TotalCurrentLiab,TotalLiab,FinLeverage,NumOfEmployees,GrossProfit,OperatingMargin
12/31/1988 00:00:00,15.843302,,746.737558,15.237826,,,190.270997,87.339988,288.459109,,,811.91038,223.202193,621.639391,,9144,,87.339988
12/31/1989 00:00:00,18.500672,,923.200364,4.944725,0.581888,123.231291,175.806837,83.404392,265.636015,0.610218,2.716814,808.731644,244.730248,632.924807,4.452202,9047,,83.404392
12/31/1990 00:00:00,19.846175,,971.958027,16.768336,2.8138,117.041977,236.589952,30.475652,204.062419,2.020427,8.187903,851.148672,280.234715,614.558683,4.05256,10088,,30.475652
12/31/1991 00:00:00,20.535746,,992.090155,45.141638,8.877157,123.584486,296.599404,51.902795,208.805311,4.971935,17.393558,964.709111,340.748739,668.109723,3.498348,9994,,51.902795
12/31/1992 00:00:00,23.54631,,1076.85687,56.242042,12.152266,149.569521,360.258538,148.392205,313.653668,5.430864,17.47994,1106.491533,335.719916,746.233015,3.21863,9405,,148.392205
12/31/1993 00:00:00,32.628458,,1334.604867,62.599548,9.105674,179.557431,626.987783,112.467268,415.020544,4.80832,12.682079,1497.309768,380.693372,870.322081,2.637528,11190,502.747383,112.467268
12/31/1994 00:00:00,35.992216,,1393.4033,53.466941,5.504749,174.595882,629.510582,133.928044,242.039241,3.833192,8.510923,1292.372862,362.310423,662.862242,2.220323,11145,505.959706,133.928044
12/31/1995 00:00:00,37.791827,,1317.853333,32.140714,1.838529,154.177874,622.715785,208.132559,218.223835,2.462772,5.133647,1317.752404,421.092103,695.036596,2.0845,10930,465.796462,208.132559
12/31/1996 00:00:00,26.994162,,1262.334482,93.007923,,154.16106,625.625437,141.580594,84.648981,7.403391,14.901443,1194.823865,420.150276,569.198413,2.012786,8000,432.242971,141.580594
12/31/1997 00:00:00,5.348376,,1074.283545,69.327065,5.918455,156.297043,690.344179,78.661495,65.021453,5.809562,10.569367,1191.83007,365.825575,501.485958,1.819305,9974,334.593044,78.661495
12/31/1998 00:00:00,6.239772,,1226.123654,61.405413,4.574143,151.436408,683.683937,153.101467,77.517814,4.923903,8.98575,1302.346373,427.668268,618.662478,1.824924,11024,377.615565,153.101467
12/31/1999 00:00:00,7.2,,1412.099976,101.800003,8.391305,202.099998,1045.800003,446.299988,759.400024,4.359147,12.425234,3368.300049,1188.800049,2322.500061,2.850382,23876,367.099976,446.299988
12/31/2000 00:00:00,10,,3307.699951,81.099998,4.669547,376.900009,1118.400002,641.700012,799.700012,2.318501,8.148297,3627.600098,1335.5,2509.200012,3.514468,23098,737.300049,641.700012
12/31/2001 00:00:00,12.8,,2382.399902,87.099998,5.817209,334.5,955.000008,360.399994,570.400024,2.774592,9.134287,2650.800049,828,1695.800018,3.292119,16417,560.499878,360.399994
12/31/2002 00:00:00,12.3,,2238.699951,87.300003,5.979645,287.600006,820.4,489.799988,425.799988,3.380511,10.392239,2514.100098,890.799988,1693.699982,3.074162,15909,399.599975,489.799988
12/31/2003 00:00:00,14,,2108.300049,36.299999,-0.030883,216.300003,770.000012,489.399994,337.200012,1.497154,4.651759,2335.100098,882.099976,1565.099976,3.107067,15508,334.100098,489.399994
12/31/2004 00:00:00,17.9,,2092.300049,50.400002,1.808719,235.199997,796.499988,392.600006,370.700012,2.207332,6.558231,2231.5,806,1435,2.971113,15531,,392.600006
12/31/2005 00:00:00,18.700001,,2243.699951,6.9,-3.838869,157.500004,820.4,366.5,404.100006,0.304045,0.871322,2307.300049,827.5,1486.900009,2.865766,14935,,366.5
12/31/2006 00:00:00,19.299999,,2275.600098,93.300003,6.222492,242.199997,860.400005,425.399994,314.700012,4.077886,11.356582,2268.600098,868.5,1408.200012,2.784919,1479,,425.399994
12/31/2007 00:00:00,17.799999,,2311,-22.5,,222.700003,793.399994,383.600006,401.100006,-1.009014,-2.788104,2191.199951,784.5,1397.800003,2.763197,15092,283,383.600006
12/31/2008 00:00:00,16.200001,,2260,-111.900002,,166.599991,702.299994,182.5,474.700012,-5.401231,-15.362439,1952.300049,576.799988,1250,2.844248,14644,216.800049,182.5
12/31/2009 00:00:00,14.7,,1831.8,71.1,4.149478,200.5,736.6,168.4,294.3,3.831954,10.154967,1758.6,521.1,1022,2.650075,12900,301.8,168.4
12/31/2010 00:00:00,16.3,,1951.8,111.1,8.057212,215.5,848.7,152.9,283,6.131854,14.425761,1865.1,528,1016.4,2.352594,11687,319.9,152.9
12/31/2011 00:00:00,16.2,,2043.6,88.2,5.170956,196.9,805,224.9,260.8,4.673219,10.983811,1909.6,634.5,1104.6,2.350374,12739,308.5,224.9
12/31/2012 00:00:00,15.7,0.596,2321.2,121.3,8.148101,250.5,805.5,85.9,427.4,6.181679,15.540324,2014.9,497.6,1209.4,2.513932,14228,372,85.9
12/31/2013 00:00:00,14.7,3.214,2161.1,94.1,4.390043,225,804.8,60.1,594.9,4.527303,12.072615,2142.1,460.2,1337.3,2.666624,14362,324.8,60.1
12/31/2014 00:00:00,13.3,0.852461,2235.7,138,8.66816,264.5,892.8,118,527.4,6.216076,16.807746,2298,543,1405.2,2.703916,13818,349,118
12/31/2015 00:00:00,15.7,1.75804,2726.4,146.9,8.487003,317.3,1036,157.5,503.1,6.10392,15.769417,2515.3,665.3,1479.3,2.58349,15844,470.9,157.5
12/31/2016 00:00:00,17.2,,2865,187.8,10.487916,378.1,1182.2,266.9,520.8,6.968589,17.588387,2874.6,818.3,1692.4,2.523952,17076,509.2,266.9
12/31/2017 00:00:00,19.2,2.755159,2988.7,193.1,9.576205,384.1,1208.2,178.9,643.7,6.652656,16.839627,2930.6,734.9,1722.4,2.531264,17417,506.3,178.9
12/31/2017 00:00:00,19.2,2.755159,2988.7,193.1,,384.1,1208.2,178.9,643.7,6.65265623923379,16.8396267550362,2930.6,734.9,1722.4,2.57161721982569,17417,506.300009155273,178.9
