Date,Rdexpense,Ceo,Revenue,NetIncome,SustGrowthRate,Ebitda,TotalEquity,ShortTermDebt,LongTermDebt,ReturnOfAssets,ReturnOfEquity,TotalAssets,TotalCurrentLiab,TotalLiab,FinLeverage,NumOfEmployees,GrossProfit,OperatingMargin
12/31/1989 00:00:00,0,,249.531948,8.791792,,,43.351716,11.714552,10.94612,,,121.265144,66.967305,77.913425,,4182,,11.714552
12/31/1990 00:00:00,0,,314.10835,8.561397,11.879487,,58.068145,18.731227,21.139055,5.661088,23.814389,181.199579,101.07247,123.131438,4.206681,,,18.731227
12/31/1991 00:00:00,0,,432.419977,10.002399,11.59999,,52.088976,13.962072,46.08441,4.961154,27.021482,222.029168,115.455405,169.940185,5.446612,3083,,13.962072
12/31/1992 00:00:00,0,,484.525575,23.046277,34.60556,,79.899213,22.757345,0,9.316925,52.227762,272.689342,158.828356,192.790124,5.605686,3431,,22.757345
12/31/1993 00:00:00,0.125847,,931.359954,13.361773,7.557747,62.133423,134.767469,103.585125,79.197133,3.103555,21.258738,588.372959,344.282895,453.60549,6.849801,8486,,103.585125
12/31/1994 00:00:00,0.262293,,1080.732934,21.761434,15.799049,93.170661,162.699717,70.25224,113.629707,3.496282,27.129684,656.459963,334.323226,493.760277,7.759581,7923,,70.25224
12/31/1995 00:00:00,1.555751,,1404.938162,27.713211,15.97474,109.0856,200.435953,156.503325,125.464632,3.571695,27.346036,895.364204,497.417708,694.928211,7.656319,10492,,156.503325
12/31/1996 00:00:00,0.758672,,1794.619498,35.152283,13.887087,148.697635,296.98776,233.461849,198.247731,3.322674,23.450139,1220.53897,652.525928,923.551263,7.057611,12369,,233.461849
12/31/1997 00:00:00,0.716274,,2086.698556,43.726621,10.497267,189.636979,380.329911,330.608234,313.414671,2.918908,17.417428,1775.555443,961.009436,1395.225475,5.967104,15569,,330.608234
12/31/1998 00:00:00,1.25298,,2990.891327,61.359126,9.435056,248.507094,491.158301,377.52267,572.854421,3.053624,17.391489,2243.218375,1098.229283,1752.06005,5.69536,26047,,377.52267
12/31/1999 00:00:00,2.599819,,3279.847443,24.945382,-0.947086,242.690614,513.190214,734.390587,546.470506,1.008006,6.399934,2706.231108,1574.384172,2193.040709,6.349101,34245,,734.390587
12/31/2000 00:00:00,4.443,,3915.021973,-63.869999,,194.125999,389.804993,685.320007,879.690979,-2.230285,-18.978649,3021.288086,1610.384033,2631.483017,8.509518,38769,,685.320007
12/31/2001 00:00:00,6.487,,4200.224121,-86.510002,,247.517006,279.616997,371.406006,897.341003,-3.011504,-36.345839,2724.013916,1426.343994,2444.396996,12.068999,38189,,371.406006
12/31/2002 00:00:00,6.557,,3891.746094,-204.376999,,248.667,275.283982,368.117004,570.508972,-8.242216,-171.496075,2235.259033,1244.82605,1959.975021,20.807034,34511,,368.117004
12/31/2003 00:00:00,5.898,,3417.291,58.246,94.775997,278.424,281.765,247.397,596.171,2.683886,94.775997,2105.164,1123.33,1823.399,35.312976,27868,870.322,247.397
12/31/2004 00:00:00,,,3494.6,92.515,22.598913,301.845,569.21,306.813,448.507,4.264531,44.231583,2233.648,1117.502,1664.438,10.371968,28914,876.02,306.813
12/31/2005 00:00:00,2.463,,3828.166,110.379,15.126959,314.324,670.565,101.788,601.382,4.792509,28.992592,2372.666,1011.208,1702.101,6.049565,29227,942.644,101.788
12/31/2006 00:00:00,0,,4407.175,116.152,13.348789,320.692,767.281,90.067,563.239,4.667188,25.480591,2604.721,1164.109,1837.44,5.459517,34675,1042.915,90.067
12/31/2007 00:00:00,1.31,,5349.678,131.261,13.27346,351.901,864.205,116.715,675.441,4.58011,24.563025,3127.063,1445.714,2262.858,5.362977,,1224.754,116.715
12/31/2008 00:00:00,1.136,,6893.737,163.216,15.340094,460.398,931.125,308.344,739.333,4.762908,26.610646,3726.565,1926.646,2795.44,5.587059,42828,1582.102,308.344
12/31/2009 00:00:00,,0.66223088,7317.108,200.349,15.47514,514.79,1065.694,124.495,756.361,5.306561,28.062521,3824.427,1836.166,2758.733,5.288269,53797,1717.734,124.495
12/31/2010 00:00:00,,1.54072756,8691.115,299.772,36.936748,613.751,1131.812,219.217,634.182,7.509837,36.936748,4159.022,2224.77,3027.21,4.918449,61061,2013.829,219.217
12/31/2011 00:00:00,0,0.99546,9838.241,340.268,17.03473,708.385,1421.685,354.672,385.553,7.876296,34.61584,4481.283,2475.644,3059.598,4.394939,66270,2244.064,354.672
12/31/2012 00:00:00,0,1.2116625,10683.123,360.462,15.012391,720.723,1501.926,107.406,570.781,7.791251,30.909213,4771.711,2471.946,3269.785,3.967169,69443,2345.67,107.406
12/31/2013 00:00:00,0,0.95175,11829.308,382.256,15.155377,771.959,1539.366,324.716,369.073,7.850746,30.397342,4966.37,2883.847,3427.004,3.871905,76810,2540.626,324.716
12/31/2014 00:00:00,0,,12680.215,301.711,10.946693,723.57,1638.691,340.925,373.877,5.951617,22.354369,5172.421,2973.158,3533.73,3.756016,86563,2691.692,340.925
12/31/2015 00:00:00,0,,13727.96,333.342,12.186768,778.31,1593.219,123.51,534.422,6.346267,24.353673,5332.715,3022.879,3739.496,3.83748,89027,2937.474,123.51
12/31/2016 00:00:00,0,,14621.738,593.218,27.709351,829.903,1990.511,224.581,114.829,10.767812,38.524352,5685.642,3436.069,3695.131,3.577732,96233,3112.746,224.581
12/31/2017 00:00:00,,,16276,385,,908,2013,298,232,7.17705,21.837708,5043,2798,3030,3.042714,,3458,298
12/31/2017 00:00:00,,,16275.751,385.004,-123.249345884952,909.377,2013,298,232,7.1771245605921,21.8379352758684,5043,2798,3030,2.80005795421617,,3457.76696777344,298
