Date,Rdexpense,Ceo,Revenue,NetIncome,SustGrowthRate,Ebitda,TotalEquity,ShortTermDebt,LongTermDebt,ReturnOfAssets,ReturnOfEquity,TotalAssets,TotalCurrentLiab,TotalLiab,FinLeverage,NumOfEmployees,GrossProfit,OperatingMargin
12/31/1988 00:00:00,,,108.234389,8.956912,,17.129326,54.162384,1.874739,16.640241,,,108.600557,28.340056,54.438172,,1269,,1.874739
12/31/1989 00:00:00,,,111.490133,6.01569,4.15132,11.162699,56.659453,2.166537,21.393711,5.382525,12.034488,114.926121,26.964731,58.266667,2.235844,1209,,2.166537
12/31/1990 00:00:00,,,109.683567,3.790794,3.403385,12.306135,55.849649,3.06982,20.506954,3.247543,7.376365,118.529957,32.100379,62.680308,2.271368,1201,,3.06982
12/31/1991 00:00:00,,,135.942818,9.909775,11.455654,15.886731,62.037319,3.837791,19.353706,7.603258,17.883906,142.14185,49.212145,80.104531,2.352137,1219,,3.837791
12/31/1992 00:00:00,,,160.260191,6.51562,5.140484,22.450898,67.650689,4.214805,18.845512,4.206813,10.470187,167.623317,68.258559,99.972628,2.488865,1217,,4.214805
12/31/1993 00:00:00,,,167.245787,5.357724,4.4602,18.07031,68.171278,20.831805,18.07186,3.182311,8.073654,169.095736,67.971409,100.924458,2.537041,1176,,20.831805
12/31/1994 00:00:00,,,147.034246,7.86099,6.300113,19.639823,72.809577,12.138803,15.045422,4.791518,11.191459,159.025343,55.547005,86.215765,2.335681,1109,,12.138803
12/31/1995 00:00:00,,,168.064888,9.431019,1.289452,25.866227,78.85987,14.884804,24.969658,5.382724,12.438823,191.392729,70.659567,112.53286,2.310879,1137,,14.884804
12/31/1996 00:00:00,,,182.860861,10.123072,7.392184,22.964256,83.516762,14.332712,20.37629,5.268604,12.471527,192.886323,65.688669,109.369561,2.36714,1168,,14.332712
12/31/1997 00:00:00,,,192.29498,10.360125,7.090063,25.486115,92.569218,24.324603,36.496976,4.863013,11.776655,233.192168,80.431448,140.62295,2.421679,1232,,24.324603
12/31/1998 00:00:00,,,214.917858,11.663663,7.925376,29.540302,97.868066,11.535581,35.890656,4.983439,12.258523,234.90474,76.425292,137.036674,2.459852,1376,,11.535581
12/31/1999 00:00:00,15.656907,,271.835539,11.969922,7.462549,33.555754,110.194343,37.084704,47.477366,4.56521,11.506088,289.492684,109.212558,179.298342,2.520385,1566,,37.084704
12/31/2000 00:00:00,36875,,355.885986,27.4,16.235629,70.584002,137.052,76.857002,128.360992,7.11672,22.164129,480.524994,192.835999,343.47299,3.114374,1781,206.305984,76.857002
12/31/2001 00:00:00,30.9,,433.368011,35.997002,13.450926,98.533001,212.634003,47.155998,126.110001,6.999407,20.588186,548.047974,174.932999,335.413998,2.941419,2147,251.294006,47.155998
12/31/2002 00:00:00,,,492.723999,50.216,14.507421,119.862999,227.071991,48.146999,100.459999,9.261459,22.840716,536.359985,175.541,309.287998,2.466211,2182,289.145996,48.146999
12/31/2003 00:00:00,,,487.535004,23.747,2.340561,107.772999,227.946999,45.155998,74.903,4.559878,10.437806,505.203003,168.957993,277.255993,2.289054,2159,199.748993,45.155998
12/31/2004 00:00:00,37.311,,488.308,53.964,19.826878,115.02,261.769,28.644,128.346,9.955126,22.038896,578.942,166.224,317.173,2.213824,1811,309.034,28.644
12/31/2005 00:00:00,44.959,,576.08,64.543,13.171566,134.913,324.697,28.709,110.057,10.52611,22.010824,647.399,172.311,322.702,2.091069,,375.457,28.709
12/31/2006 00:00:00,45.395,,576.186,74.031,10.723081,143.794,366.802,35.02,83.697,11.231743,21.411745,670.847,182.584,304.045,1.90636,1930,384.175,35.02
12/31/2007 00:00:00,49.122,,628.435,84.865,11.260818,162.962,390.611,101.735,77.25,11.848674,22.409411,761.634,257.696,371.023,1.891301,2185,422.085,101.735
12/31/2008 00:00:00,58.86,,689.634,100.424,12.235572,184.404,445.742,93.045,81.409,12.731391,24.015343,815.947,258.584,370.205,1.88631,2287,467.438,93.045
12/31/2009 00:00:00,69.445,,747.524,110.56,11.774515,197.018,508.979,31.271,79.99,13.487648,23.161469,823.479,202.775,314.5,1.717236,2737,511.901,31.271
12/31/2010 00:00:00,68.841,,728.134,108.571,9.930201,181.734,576.006,20.11,96.767,12.591205,20.014231,901.074,202.737,325.068,1.589541,2792,488.069,20.11
12/31/2011 00:00:00,55.956,,762.036,116.434,9.677259,187.742,594.48,25.171,137.518,12.396236,19.89614,977.464,220.663,382.984,1.605015,3200,502.059,25.171
12/31/2012 00:00:00,63.407,,828.317,118.484,9.284748,191.711,661.397,64.134,129.111,11.47905,18.870124,1086.888,260.818,425.491,1.643875,3369,534.76,64.134
12/31/2013 00:00:00,74.725,,941.63,133.678,9.803423,230.13,701.82,114.304,196.788,11.277518,19.613879,1283.811,343.393,581.991,1.739202,3961,614.301,114.304
12/31/2014 00:00:00,85.267,,987.356,161.187,7.921329,273.818,787.422,36.833,286.202,12.123717,21.648915,1375.225,258.558,587.803,1.785667,3923,660.302,36.833
12/31/2015 00:00:00,76.736,,1047.676,198.792,9.114846,317,869.992,44.318,282.615,13.979201,23.990514,1468.886,272.507,598.894,1.716158,3929,712.466,44.318
12/31/2016 00:00:00,83.71,,1153.942,237.406,10.570031,365.355,903.94,56.117,293.644,15.672282,26.769019,1560.743,311.31,656.803,1.708049,4116,792.983,56.117
12/31/2017 00:00:00,100.256,1.133,1288.123,288.762,11.573694,454.645,1027.237,68.287,612.462,15.966272,29.909266,2056.407,375.546,1029.17,1.873278,4176,905.369,68.287
12/31/2017 00:00:00,100.256000457764,1.133,1288.123,288.762,,454.645,1027.237,68.287,612.462,15.9662717885628,29.9092660493444,2056.407,375.546,1029.17,1.95553709973062,4176,905.368987548828,68.287
