Date,Rdexpense,Ceo,Revenue,NetIncome,SustGrowthRate,Ebitda,TotalEquity,ShortTermDebt,LongTermDebt,ReturnOfAssets,ReturnOfEquity,TotalAssets,TotalCurrentLiab,TotalLiab,FinLeverage,NumOfEmployees,GrossProfit,OperatingMargin
12/31/1988 00:00:00,,,862.215027,34.257,,109.009998,248.222993,16.643,136.483002,,,597.117981,142.233002,348.895004,,5164,334.933044,16.643
12/31/1989 00:00:00,,,1052.228027,43.755001,10.854389,137.778004,333.580993,21.497999,144.289001,6.589728,15.498426,730.857971,176.934998,397.277,2.351907,5901,414.833008,21.497999
12/31/1990 00:00:00,,,1094.599976,38.597,6.810203,129.501003,370.137008,31.891001,151.037994,5.03325,11.23209,802.822998,199.880997,432.685989,2.231578,6238,432.96698,31.891001
12/31/1991 00:00:00,,,1216.13501,40.258999,6.585321,144.699005,407.12499,30.546,161.707993,4.826582,10.58357,865.396973,214.108994,458.271988,2.192767,6458,483.112,30.546
12/31/1992 00:00:00,,,1306.266968,47.512001,7.600757,154.242004,434.273993,40.164001,177.522995,5.256075,11.568655,942.492004,228.785995,508.217987,2.201006,6427,528.539978,40.164001
12/31/1993 00:00:00,,,1300.623047,48.201,6.7422,150.662003,491.195998,29.562,231.119995,4.872991,10.670501,1035.800049,201.324005,544.604004,2.189723,6394,534.608032,29.562
12/31/1994 00:00:00,,,1318.687988,54.319,6.773324,161.911995,507.338988,76.702003,273.446991,4.949617,11.140657,1159.077026,273.933014,651.738007,2.250812,6743,556.742981,76.702003
12/31/1995 00:00:00,,,1345.869995,44.664001,4.756826,148.460999,499.574994,38.841999,273.832001,3.948773,9.091095,1103.093994,221.322006,603.519005,2.302258,6975,541.770996,38.841999
12/31/1996 00:00:00,,,1408.802979,56.922001,6.817719,170.624996,570.892002,94.163002,220.977005,4.901185,10.892506,1219.69104,308.990997,648.799004,2.222423,6913,584.802002,94.163002
12/31/1997 00:00:00,,,1599.944946,74.084,8.461846,217.705002,601.425013,45.668999,225.945999,6.093076,12.922582,1212.052979,261.761993,610.62799,2.120864,6918,1034.09497,45.668999
12/31/1998 00:00:00,,,1571.574951,75.242996,7.18191,198.657006,710.875015,138.442993,179.837006,5.82714,11.668936,1370.448975,348.941986,659.57399,2.002515,6964,1026.268921,138.442993
12/31/1999 00:00:00,,,1688.870972,90.911003,7.8278,242.348007,815.356983,71.033997,209.649002,6.397433,12.0757,1471.660034,310.944,656.303009,1.887585,7044,1112.279969,71.033997
12/31/2000 00:00:00,,,1997.536011,102.460999,8.176457,275.543991,885.397981,97.640999,384.660004,6.240573,12.354456,1812.045044,369.062988,926.646988,1.979699,7873,1277.403015,97.640999
12/31/2001 00:00:00,63,,2103.23291,58.527,2.822794,233.335999,865.055984,96.914001,356.47699,3.277448,6.919198,1759.453003,377.859009,894.397004,2.111154,8029,1306.297912,96.914001
12/31/2002 00:00:00,68,,2121.699951,78.800003,0.784464,264.100006,794.299988,167.600006,327.399994,4.511813,9.658698,1733.599976,458.299988,939.299988,2.140758,8508,994.999951,167.600006
12/31/2003 00:00:00,34,,2268.199951,92.900002,6.933529,267.900001,856.1,169.199997,152.699997,5.371029,11.320295,1725.699951,530.700012,869.600006,2.107659,8638,,169.199997
12/31/2004 00:00:00,38.397,,2559.8,120.5,9.254066,321.2,942.2,168,0.2,7.048226,13.516545,1693.6,574.9,751.4,1.917723,9218,,168
12/31/2005 00:00:00,46.664,,2916.5,133.1,7.541891,352.2,1096,84.9,9.5,6.187244,13.165834,2608.8,661.3,801.2,2.1279,9702,,84.9
12/31/2006 00:00:00,52,,3896.1,231.9,12.987787,514.6,1274,38.2,773.8,8.176433,19.73701,3063.6,817.4,1789.6,2.41389,11309,,38.2
12/31/2007 00:00:00,65.2,,4573.2,341.6,16.82079,637.8,1474.9,24.9,766.5,10.706115,24.971673,3317.8,682.4,1842.9,2.332468,11723,,24.9
12/31/2008 00:00:00,74.1,,4624.5,266.7,10.577611,562.1,1464.7,13.4,768.1,8.171957,18.176861,3209.4,685,1744.7,2.224297,12900,,13.4
12/31/2009 00:00:00,74.7,,4154.9,225.9,7.480986,503.4,1593,2.5,1071,6.606422,14.811172,3629.4,666.3,2036.4,2.241935,12369,,2.5
12/31/2010 00:00:00,74.4,2.73,4416,310.5,10.543628,576.7,1759.6,285.7,809.4,8.203218,18.569464,3940.8,1056.7,2181.2,2.26368,13482,,285.7
12/31/2011 00:00:00,77.7,3.203,4556.4,213.3,5.600223,477.4,1839.1,41.5,807.6,5.4895,11.909548,3830.4,820.8,1991.3,2.169514,15524,,41.5
12/31/2012 00:00:00,162.8,2.589,4828.9,276.9,7.960226,573.1,1909.8,273.6,878.3,6.828101,14.883096,4280.2,1043.5,2370.4,2.179683,15233,,273.6
12/31/2013 00:00:00,166.1,3.12,5142.2,342.2,9.843088,675.9,2136.2,333.3,971.2,7.590865,17.046077,4735.9,1192.2,2599.7,2.245604,16293,,333.3
12/31/2014 00:00:00,167.7,3.396,5571.3,439,11.428062,798.3,2383.3,19.8,964.3,9.19006,19.566768,4817.9,951.1,2434.6,2.129123,16895,,19.8
12/31/2015 00:00:00,160.6,3.51,5489.2,460.3,10.706629,837.3,2552.1,273.4,708.8,9.450096,18.79581,4923.8,1163.1,2371.7,1.988954,17281,,273.4
12/31/2016 00:00:00,161.4,3.782,5747.7,563.1,11.145601,965.7,2947.7,33.8,707.4,11.236157,20.644901,5099.2,968,2151.5,1.837363,17419,,33.8
12/31/2017 00:00:00,180.8,,6248.3,643.5,11.466159,1068.5,3411.1,193,553.3,11.816663,20.399429,5792.2,1350,2381.1,1.726327,18484,,193
12/31/2017 00:00:00,,3.782,6247.8,,,,3411.1,193,553.3,,,5792.2,1350,2381.1,,18484,,193
