Date,Rdexpense,Ceo,Revenue,NetIncome,SustGrowthRate,Ebitda,TotalEquity,ShortTermDebt,LongTermDebt,ReturnOfAssets,ReturnOfEquity,TotalAssets,TotalCurrentLiab,TotalLiab,FinLeverage,NumOfEmployees,GrossProfit,OperatingMargin
7/30/1988 00:00:00,,,666.400024,65.588997,,101.286,254.310005,15.766,6.652,,,475.57901,159.436005,221.269004,,13566,208.38501,15.766
8/5/1989 00:00:00,,,704.900024,73.528999,18.108778,111.966997,273.190994,37.07,7.195,14.420151,27.878241,544.22998,225.682999,271.038998,1.933284,13606,221.969025,37.07
8/4/1990 00:00:00,,,673,71,15.813097,112.5,300.399994,24.799999,6.9,12.939322,24.756316,553.200012,209.300003,252.800002,1.913262,13453,208.299988,24.799999
8/3/1991 00:00:00,43.599998,,655.5,70.800003,13.334361,122.599997,309.299995,87.599998,5.5,12.123288,23.224538,614.799988,261.5,305.5,1.915696,12109,212.600006,87.599998
8/1/1992 00:00:00,45.900002,,635.299988,68.599998,11.074612,113.499998,330,75.800003,5.4,11.172638,21.460973,613.200012,239.800003,283.200003,1.920851,11576,206.699982,75.800003
7/31/1993 00:00:00,48.599998,,725.799988,70.800003,11.898778,124.5,266.699997,69.300003,72.900002,11.368929,23.730519,632.299988,250.199997,365.599998,2.087314,11535,245.5,69.300003
7/30/1994 00:00:00,44.799999,,766.299988,79.699997,17.046165,138.799999,212,38.299999,73.199997,13.104242,33.298516,584.099976,247.800003,372.099998,2.541049,10983,272,38.299999
8/5/1995 00:00:00,49.200001,,879.299988,93.900002,23.043365,167.599995,225.5,37.400002,65.599998,15.382096,42.925715,636.799988,276.299988,411.299988,2.790628,11718,344.200012,37.400002
8/3/1996 00:00:00,50,,995.599976,117.800003,31.343568,195.699997,211.800003,57.299999,92.800003,17.488124,53.876059,710.400024,345.299988,498.599991,3.080723,12208,414.099976,57.299999
8/1/1997 00:00:00,48.200001,,1076.199951,131.699997,33.96727,229.900002,244.599994,92.699997,86.400002,17.794892,58.248562,769.799988,363.200012,525.200012,3.27333,13582,440.699951,92.699997
8/1/1998 00:00:00,48.799999,,1198.5,148.199997,37.82731,271.899998,226.399997,110.800003,70.599998,18.760681,64.141961,810.099976,408.899994,583.699989,3.418957,13873,502.700012,110.800003
7/31/1999 00:00:00,53.900002,,1323.900024,163.199997,33.205573,283.499992,358.500003,121.599998,66.5,18.317526,56.86411,971.799988,446.100006,613.300003,3.104355,14468,561.100037,121.599998
7/31/2000 00:00:00,97.300003,,3061.5,324,16.342735,611.899994,802.099994,260.700012,1539.5,13.043478,56.857068,3996.199951,1379,3194.100006,4.359042,15521,1199.199951,260.700012
7/31/2001 00:00:00,109.5,,3132.399902,-206,30.068823,653.200012,852.400012,346,894.400024,-5.694462,-25.321123,3238.899902,1181.400024,2386.50006,4.446623,56016,1324.699951,346
7/31/2002 00:00:00,116.5,,2588.399902,185.100006,4.005777,467.499985,852.499976,167,671,6.196024,22.031781,2735.899902,912,1883.399994,3.555794,32507,1005.099853,167
7/31/2003 00:00:00,129.699997,,2629.199951,111.5,-6.352878,472.5,869.000012,118.300003,678.799988,3.914753,13.134645,2960.5,912.700012,2091.5,3.355165,32300,1060.799927,118.300003
7/31/2004 00:00:00,136.8,,2678.4,212.9,6.384656,441.8,1122.5,275.4,446.5,7.166179,21.508309,2981.3,1077.1,1858.8,3.001364,26729,1108.5,275.4
7/31/2005 00:00:00,101,,3005.4,271.8,8.325979,512.1,1483.8,54,937.7,7.858898,20.857154,3935.7,963.5,2451.9,2.653954,28509,1190.7,54
8/5/2006 00:00:00,55,,2180.3,24.2,,419.7,1362.9,185,862.3,0.627968,1.700214,3771.7,1115.3,2408.8,2.707486,31324,1015.1,185
7/31/2007 00:00:00,52.3,2.132,2160.9,1728.1,53.991824,444.9,903.3,212.1,567.1,52.767218,152.510811,2778.2,871.3,1874.9,2.890257,29068,1001.8,212.1
7/31/2008 00:00:00,52.7,1.355,2321.2,268.5,13.564109,431.7,918.2,182.4,720.7,9.402084,29.51847,2933.3,817.2,2015.1,3.139567,22600,1055.7,182.4
7/31/2009 00:00:00,66.7,1.778,2664.6,269.5,15.782823,545.9,862.8,224.4,752.2,8.822615,30.367908,3176,858,2313.2,3.442053,21800,1217.1,224.4
7/31/2010 00:00:00,69.2,2.547,2769.6,310,17.374534,569.2,1099.8,14.7,995,9.345372,31.733033,3458.3,640.9,2358.5,3.395588,23550,1293.3,14.7
7/31/2011 00:00:00,68,2.294,2842,383.8,16.587099,573.7,1379.9,11.7,978.4,10.833698,31.098327,3627,630.8,2247.1,2.870518,22900,1308,11.7
7/31/2012 00:00:00,78.5,5.026,3030.1,256.6,9.156739,548.7,980.8,175.3,821.7,7.095945,21.872736,3605.3,812.9,2624.5,3.082428,23200,1384.2,175.3
7/31/2013 00:00:00,77.9,3.864,3108.6,315,3.359048,619.9,1493.6,187.1,951.1,8.212321,25.622255,4066.1,872.9,2572.5,3.119977,23250,1414.6,187.1
7/31/2014 00:00:00,84.8,3.912,2951.6,232.8,5.431679,496.7,1245.4,12.5,981.9,6.101748,17.096277,3564.5,637.8,2319.1,2.801865,23200,1326.1,12.5
7/31/2015 00:00:00,84,4.195,2897,246,6.332435,514,1428,163,1150,6.521307,18.521307,3980,770,2552,2.840122,23250,1333,163
7/31/2016 00:00:00,87,4.308,2949,259,6.068927,498,1660,270,1139,6.128002,16.900489,4473,996,2813,2.757912,22000,1349,270
7/31/2017 00:00:00,98,2.32,3280,564,21.169936,793,2104,151,1598,11.713396,30.200803,5157,867,3053,2.578313,21900,1525,151
