Date,Rdexpense,Ceo,Revenue,NetIncome,SustGrowthRate,Ebitda,TotalEquity,ShortTermDebt,LongTermDebt,ReturnOfAssets,ReturnOfEquity,TotalAssets,TotalCurrentLiab,TotalLiab,FinLeverage,NumOfEmployees,GrossProfit,OperatingMargin
12/31/1988 00:00:00,,,106.049004,13.633,,22.713999,68.125001,3.203,6.591,,,104.897003,27.197001,36.772001,,2937,,3.203
12/31/1989 00:00:00,,,122.704002,15.759,13.34147,26.414999,74.473001,4.342,9.801,13.946882,22.366833,121.088997,31.757999,46.615999,1.603716,3058,,4.342
12/31/1990 00:00:00,,,148.225006,13.004,9.819256,27.644001,63.489998,11.574,18.702,10.384632,19.297204,129.358002,41.189999,65.867998,1.858246,3444,,11.574
12/31/1991 00:00:00,,,144.132996,13.253,9.398498,29.105001,71.659002,8.007,19.159,10.074611,20.186128,133.738998,37.018002,62.080002,2.003663,3430,,8.007
12/31/1992 00:00:00,,,154.151001,12.716,8.921019,30.763,88.927002,12.947,20.672001,8.659146,16.231809,159.962006,43.109001,71.035002,1.874528,3439,,12.947
12/31/1993 00:00:00,3.36,,192.507004,16.379999,10.347323,35.2,89.897003,20.902,30.933001,9.297599,19.123225,192.386993,56.255001,102.490002,2.056792,3489,,20.902
12/31/1994 00:00:00,3.616,,217.875,21.672001,13.920798,42.937001,102.864,11.143,26.239,11.074433,23.708566,199.001007,55.258999,96.136999,2.140838,3503,,11.143
12/31/1995 00:00:00,3.969,,251.285004,26.396,14.79612,52.321999,122.523998,11.646,29.707001,12.254438,24.35662,231.798004,64.778999,109.274,1.987575,3777,,11.646
12/31/1996 00:00:00,4.722,,271.980011,29.900999,15.521679,57.651001,119.897997,10.138,40.847,12.752373,25.479753,237.149994,64.236,117.252,1.99804,3867,,10.138
12/31/1997 00:00:00,4.419,,265.595001,30.343,14.679202,59.117001,128.772005,9.87,37.741001,12.746964,25.011849,238.932007,62.573002,110.160003,1.962181,3903,,9.87
12/31/1998 00:00:00,4.1,,249.029999,19.223,4.691521,52.930999,136.195998,18.023001,40.900002,7.75601,14.767498,256.760986,69.742996,120.564998,1.904007,3844,,18.023001
12/31/1999 00:00:00,4.585,,258.941986,28.115,11.565944,53.533001,128.737,21.247,39.859001,11.116955,21.659663,249.042999,70.127998,120.305999,1.948345,3794,,21.247
12/31/2000 00:00:00,4.571,,278.14801,26.367001,10.024282,54.585999,138.264,27.098,40.966999,10.112722,20.228858,272.419006,81.204002,134.155001,2.000338,3914,,27.098
12/31/2001 00:00:00,4.593,,291.941986,26.040001,8.878261,53.106002,145.115005,23.076,38.949001,9.556542,18.814282,272.548004,72.013,127.433002,1.968733,4059,,23.076
12/31/2002 00:00:00,4.411,,296.363007,26.125,8.170898,55.165999,149.292997,20.518999,39.659,9.449813,18.128639,280.372986,73.859001,131.080002,1.918412,3998,,20.518999
12/31/2003 00:00:00,4.878,,314.087006,28.638,8.866999,59.574,163.816005,33.688999,24.834999,9.978936,18.657832,293.596008,86.726997,129.779997,1.869722,4055,,33.688999
12/31/2004 00:00:00,4.365,,315.991,32.314,9.884402,60.986,166.286,13.025,34.432,10.650486,19.816637,313.212,63.242,146.926,1.860632,119267,,13.025
12/31/2005 00:00:00,4.288,,349.1,38.036,10.86098,68.321,198.246,30.344,25.01,11.564732,20.950818,344.581,84.513,146.335,1.811613,3899,,30.344
12/31/2006 00:00:00,4.833,,384.249,43.919,12.057244,75.305,199.722,14.589,14.05,13.157024,22.174202,323.032,72.406,123.31,1.685351,4103,,14.589
12/31/2007 00:00:00,4.662,,417.317,49.101,11.957972,82.567,242.965,2.782,20.231,14.264403,22.285209,365.409,69.935,122.444,1.562295,4169,,2.782
12/31/2008 00:00:00,4.889,0.67601,502.316,59.547,12.606984,100.887,296.006,11.229,25.521,13.537717,22.158507,514.311,104.171,218.305,1.636798,4418,,11.229
12/31/2009 00:00:00,5.936,0.592914,518.705,52.963,8.436096,95.072,307.364,9.906,44.255,10.057806,17.594746,538.861,97.379,231.497,1.749362,4377,,9.906
12/31/2010 00:00:00,7.114,0.874615,589.746,86.455,15.525049,143.961,379.524,2.174,25.179,15.005016,25.225875,613.487,122.115,233.963,1.681163,4430,,2.174
12/31/2011 00:00:00,8.726,0.848235,649.991,93.049,14.131833,150.326,400.12,41.547,6.356,14.80213,23.918238,643.751,141.628,243.631,1.615865,4683,,41.547
12/31/2012 00:00:00,8.99,1.402668,661.723,87.438,-7.671342,150.685,436.549,14.555,33.601,13.213247,20.941177,679.739,117.423,243.19,1.584862,4706,,14.555
12/31/2013 00:00:00,8.86,1.59315,689.388,102.104,13.741705,173.718,403.534,41.445,59.473,14.835954,24.35443,696.701,144.48,293.167,1.641582,4725,,41.445
12/31/2014 00:00:00,9.259,1.296739,678.277,100.327,-9.383548,174.894,441.878,40.829,49.096,13.97132,23.781722,739.484,153.758,297.606,1.702181,4797,,40.829
12/31/2015 00:00:00,9.939,1.190647,667.214,96.556,10.97866,172.107,398.315,14.339,80.673,13.493418,23.031666,691.673,119.736,293.358,1.706882,4790,,14.339
12/31/2016 00:00:00,10.6,1.610891,757.4,121.1,14.182333,207.2,524.4,33.6,58.2,15.568825,26.301387,864,162.2,339.6,1.689362,4998,,33.6
12/31/2017 00:00:00,11.5,2.17262,998.7,157.6,16.469341,253.1,609.5,69.8,455.9,13.467208,27.849443,1476.5,246.7,867,2.067945,6316,,69.8
12/31/2017 00:00:00,,2.17262,998.7,157.6,14.7181431173045,253.1,609.5,69.8,455.9,13.467207861568,27.849443364552,1476.5,246.7,867,2.21712458959737,6316,,69.8
