Date,Rdexpense,Ceo,Revenue,NetIncome,SustGrowthRate,Ebitda,TotalEquity,ShortTermDebt,LongTermDebt,ReturnOfAssets,ReturnOfEquity,TotalAssets,TotalCurrentLiab,TotalLiab,FinLeverage,NumOfEmployees,GrossProfit,OperatingMargin
12/31/1988 00:00:00,,,5841.556678,62.044758,,,681.335099,242.170002,324.298878,,,2551.774993,1124.931249,1870.439806,,25526,,242.170002
12/31/1989 00:00:00,,,8363.07897,143.380564,19.595592,,691.053092,354.66156,398.474815,3.0722,25.459143,6427.426253,4010.269407,5736.373373,8.286943,65705,,354.66156
9/30/1990 00:00:00,,,9738.291855,159.528684,10.852952,633.860816,1469.189163,367.423638,548.883493,2.351471,17.020989,6592.320563,3104.319991,5123.131459,7.238442,72268,,367.423638
9/30/1991 00:00:00,,,13014.702158,255.374442,12.999552,586.691066,1493.970828,393.828921,444.304864,3.67211,18.450014,6669.707985,3249.362901,5175.737351,5.024363,71654,,393.828921
9/30/1992 00:00:00,,,12513.240662,239.963083,10.618218,742.235268,1694.982754,297.741259,400.08467,3.395673,15.719962,7173.397235,3452.741239,5478.414669,4.62941,73680,,297.741259
9/30/1993 00:00:00,,,11907.780201,120.643921,2.656024,531.916366,1744.437868,324.633792,339.44763,1.6734,7.492709,7455.175734,3696.161941,5710.73801,4.477537,73319,,324.633792
9/30/1994 00:00:00,94.588998,,11867.327226,145.009028,4.111399,681.830739,1768.283829,401.59381,330.265033,1.981446,8.880979,7565.803549,3812.346013,5797.519497,4.482069,69712,,401.59381
9/30/1995 00:00:00,78.73895,,13473.870229,189.89789,5.893085,718.39424,1806.645328,450.230148,417.758212,2.517073,11.603407,8130.651866,4148.147317,6324.006686,4.609882,65227,,450.230148
9/30/1996 00:00:00,88.453495,,12804.54322,128.241718,2.192504,668.981441,1663.616854,452.387945,522.06978,1.658357,8.082329,7971.668578,4077.914652,6308.050771,4.873696,66226,,452.387945
9/30/1997 00:00:00,86.91962,,13629.998997,185.050853,6.048464,820.535029,1600.190613,430.677251,446.300706,2.401999,12.240733,7626.679397,3975.539718,6026.489501,5.096062,62601,,430.677251
9/30/1998 00:00:00,71.580863,,17972.293093,251.905324,9.634509,1049.665849,1473.131006,678.28196,644.266967,3.132735,18.00617,8394.186603,4910.307606,6921.057086,5.747747,66563,,678.28196
9/30/1999 00:00:00,,,16500.922882,285.607632,8.201881,951.411926,2718.181053,1784.664311,1498.443091,2.412428,15.310126,15235.832981,8494.705173,12517.651928,6.346354,79142,,1784.664311
12/31/2000 00:00:00,,,26954.800781,345.299988,6.562954,1434.699951,3231.899963,4834,2965.600098,2.07829,12.843309,17993.400391,9490.099609,14761.499756,6.179747,76956,,4834
12/31/2001 00:00:00,,,22411.400391,346.100006,7.085284,1690.099976,3382.899933,4033.100098,2798.800049,1.99959,11.550335,16623.699219,8261.200195,13240.800293,5.776352,69550,,4033.100098
12/31/2002 00:00:00,,,20302.400391,32,-3.536925,828.300018,3180.49997,3394.399902,2416.899902,0.199122,1.077006,15517.400391,7817.799805,12336.899658,5.408774,70299,,3394.399902
12/31/2003 00:00:00,,,19215.400391,275,,928.699976,2766.900055,1467.099976,2710.199951,1.929378,10.200486,12989.200195,5996.200195,10222.30017,5.28693,64257,,1467.099976
12/31/2004 00:00:00,,,16293.3,528.2,15.004702,1286.6,2659.8,402.9,3328.8,4.165681,21.536329,12370.4,4676.5,9710.6,5.169942,57716,,402.9
12/31/2005 00:00:00,,,18201.3,458,3.682158,1152.2,4366.8,1144.3,3213.9,3.30152,14.031863,15374.4,5915.1,11007.6,4.250123,62947,,1144.3
12/31/2006 00:00:00,,,20514.6,-890.3,,1373.8,3007.4,422,3477.6,-6.268659,-26.059214,13030.4,4940.9,10023,4.157064,53930,1308.9,422
12/31/2007 00:00:00,,,15932.1,172.7,1.182104,1137.3,2797.6,798.5,5027.6,1.178224,6.606101,16284.9,6641.6,13487.3,5.606828,68521,1292.1,798.5
12/31/2008 00:00:00,,,18714.3,-121.3,,852.2,1948.5,1009.3,4260.2,-0.735368,-5.855801,16705.4,8902.6,14756.9,7.963093,70254,1486.1,1009.3
9/30/2009 00:00:00,,,,,,,2380,539.7,3175.1,,,13542.2,6126.9,11162.2,8.178785,69536,,539.7
9/30/2010 00:00:00,0,3.4541,16350.1,101.8,4.630956,625.9,2434.2,1684.4,2827.5,0.72307,4.630956,14615.5,7626.2,12181.3,6.404572,71398,1670,1684.4
9/30/2011 00:00:00,0,3.1112,17480.3,23.9,0.993577,805.6,2547.8,473.6,2324.7,0.170062,0.993577,13491.9,6775.9,10944.1,5.842441,73707,1825.1,473.6
9/30/2012 00:00:00,0,4.1696,18330.3,-15.1,,944.8,2067.1,646.1,1810.5,-0.11309,-0.663401,13212.6,7372.8,11145.5,5.866156,73812,2044.5,646.1
9/30/2013 00:00:00,0,5.9352,18477.5,-11.1,,931.3,1996.8,935.5,1834.1,-0.083249,-0.541635,13454.3,7600.1,11457.5,6.506185,74445,2041.2,935.5
9/30/2014 00:00:00,0,3.9044,18536.8,90.4,0.435291,1134.7,2530.2,217.2,1748.4,0.658376,4.07556,14007.2,7490.1,11477,6.190321,77028,2236,217.2
9/30/2015 00:00:00,0,9.5161,17515.5,340.4,1.201379,1351.1,2417.3,233.1,1653.3,2.423319,15.711253,14086.5,7699,11669.2,6.483361,62849,1966,233.1
9/30/2016 00:00:00,0,6.8259,17184.6,1037.4,-2.548765,1297,3248.2,537.7,1503.4,7.268676,45.217391,14457.9,7220.3,11209.7,6.220856,63241,1906.5,537.7
9/30/2017 00:00:00,0,4.70375756069,18535,644.8,11.927751,1272.1,3533.7,171.9,1761.2,4.502259,22.967871,14185.5,6534.7,10651.8,5.101411,66577,1999.5,171.9
12/31/2017 00:00:00,0,4.70375756069018,18798.5,662.7,,1281.7,3511,166.9,1704.5,4.92854832052298,23.2567117038077,12993,5521.1,9482,4.66920354590434,55061,1983.90003509522,166.9
