Date,Rdexpense,Ceo,Revenue,NetIncome,SustGrowthRate,Ebitda,TotalEquity,ShortTermDebt,LongTermDebt,ReturnOfAssets,ReturnOfEquity,TotalAssets,TotalCurrentLiab,TotalLiab,FinLeverage,NumOfEmployees,GrossProfit,OperatingMargin
3/31/1989 00:00:00,0,,372.545442,96.305107,,172.069597,277.367762,0,0,,,447.89963,170.336745,170.531858,,917,200.719424,0
3/31/1990 00:00:00,15.609521,,585.66812,171.065351,41.802476,285.243623,366.552481,4.654937,0,31.795325,52.681245,617.562661,250.774857,251.010188,1.656887,1628,322.315359,4.654937
3/31/1991 00:00:00,32.497266,,756.833421,286.276496,40.596889,417.204497,602.440525,10.367706,0.885944,37.964385,59.062443,887.0374,282.109066,284.596912,1.555733,2434,458.012523,10.367706
3/31/1992 00:00:00,14.154241,,832.078028,261.916717,17.463131,475.437244,631.844093,15.797885,5.515635,28.954898,42.339155,917.972399,280.201789,286.128266,1.462245,2142,488.489756,15.797885
3/31/1993 00:00:00,19.205202,,877.96337,293.141418,28.954321,501.223122,748.563087,1.620169,4.736264,29.056679,42.302076,1090.973343,297.876341,342.410271,1.455847,2333,525.729617,1.620169
3/31/1994 00:00:00,21.942317,,1109.876656,319.784949,24.840698,548.522658,899.412225,18.372229,2.508115,25.483801,37.878313,1357.679577,412.120442,458.267431,1.486368,3117,612.811088,18.372229
3/31/1995 00:00:00,25.875797,,1469.184443,302.606616,17.913707,577.297989,998.184098,43.807836,170.83835,19.273861,31.339084,1719.976106,539.971215,721.79203,1.625989,4364,719.423619,43.807836
3/31/1996 00:00:00,32.85459,,1699.952173,375.584925,20.354462,686.066875,1243.513834,97.31847,170.094708,19.527876,33.684895,2142.464367,708.687435,898.950515,1.724965,4728,824.153048,97.31847
3/31/1997 00:00:00,42.947586,,2255.715608,469.199149,24.139276,837.800365,1169.437047,281.562495,737.990151,17.38507,40.60041,3417.98528,1429.970541,2248.548251,2.335361,6051,1073.689676,281.562495
3/31/1998 00:00:00,49.739436,,3657.625231,619.966558,47.220899,1309.509162,590.686199,761.276997,1001.131399,17.010214,79.581943,3894.793382,2220.170749,3304.107171,4.67848,9640,1785.29057,761.276997
3/31/1999 00:00:00,53.846207,,4916.392922,931.627212,80.193238,1673.329457,1380.847927,563.513852,1698.459414,20.719504,116.069639,5443.3167,2285.577486,4062.468703,5.601951,12642,2269.149519,563.513852
3/31/2000 00:00:00,71.847334,,12296.827466,846.549027,-0.110132,3815.718214,236736.323376,1320.375392,10040.839565,0.690395,0.765279,255041.981199,7385.12231,18305.657823,1.108466,29465,5488.511586,1320.375392
3/31/2001 00:00:00,117.383329,,24461.381503,-16115.752877,,8052.170304,237764.934303,5823.650716,17372.574221,-6.068922,-6.916457,278022.472153,19961.042623,40257.53785,1.139652,53325,10274.301935,5823.650716
3/31/2002 00:00:00,178.221344,,37013.332729,-26174.234635,,12937.249369,218290.780992,2157.909435,20587.666667,-9.636434,-11.724363,266507.541322,22012.639463,48216.760331,1.21667,67178,15228.203735,2157.909435
3/31/2003 00:00:00,255.569293,,47334.861401,-15301.432234,,17310.144541,190520.399376,2071.283251,19083.326454,-6.020602,-7.575103,236502.887544,20702.693359,45982.488167,1.258197,66667,19446.641496,2071.283251
3/31/2004 00:00:00,246.149826,,47129.774659,-12976.846112,,19180.973316,172036.610329,3056.605775,18112.110614,-5.808466,-7.493921,220232.786987,22491.948272,48196.176657,1.290172,60109,19799.946564,3056.605775
3/31/2005 00:00:00,290.465069,,39136.500526,9403.439852,2.845101,17527.659805,165494.203578,3242.957125,19207.276373,4.355714,5.679502,214348.253239,21285.273597,48854.049661,1.30392,57378,15957.974838,3242.957125
3/31/2006 00:00:00,302.028999,,43031.801577,-32132.366725,,18922.263412,122222.670072,7067.287503,23996.972568,-16.000876,-22.001255,181571.839361,25866.587445,59349.169289,1.375003,61671,18004.447133,7067.287503
3/31/2007 00:00:00,327.568524,4.749214107668,45895.006218,-8006.246905,,18396.956582,99079.896118,7092.384938,26205.162366,-4.591399,-7.116439,161396.296388,27895.438038,62316.400269,1.54995,66343,18265.634066,7092.384938
3/31/2008 00:00:00,331.987753,4.549555963855,50334.45084,9448.882197,3.681345,18618.270432,96095.444747,7508.340186,28477.65779,5.622934,9.179243,159930.787526,27611.842495,63835.342779,1.632465,72375,19277.989684,7508.340186
3/31/2009 00:00:00,336.876833,4.151636923551,49348.846649,3703.238901,-1.221644,10358.962617,91634.010356,10402.417114,34316.95147,2.198815,3.748972,165049.739285,30207.434651,73415.728929,1.704997,79097,18257.52122,10402.417114
3/31/2010 00:00:00,342.233725,3.114933629844,50230.423141,9764.391259,4.836216,14252.96163,101935.61738,12530.638661,32139.859011,5.583111,9.793648,176218.069534,32121.898766,74282.452154,1.754156,84990,16979.536587,12530.638661
3/31/2011 00:00:00,337.806462,3.152771616465,54006.660925,9378.543158,3.787879,9918.798091,99124.728964,11214.234249,32122.339676,5.170585,8.956029,171190.844257,30650.655391,72066.115292,1.732112,83862,17737.781801,11214.234249
3/31/2012 00:00:00,352.449451,19.448666324888,53814.625495,8065.759303,0.255335,16366.871364,93798.993549,7506.126463,34018.657516,4.784798,8.458873,167413.727573,28816.664791,73614.734023,1.767864,86373,17241.038752,7506.126463
3/31/2013 00:00:00,376.958817,13.080061365211,46709.740633,507.113979,,4794.867043,85923.64147,13987.128481,33076.002808,0.297229,0.556559,163962.335596,33627.190498,78038.694126,1.87249,91272,14088.682317,13987.128481
3/31/2014 00:00:00,253.745816,9.954197958648,45467.930191,70259.133562,55.747661,4013.68966,86942.990198,9383.365306,25985.635638,45.551268,83.292685,147575.736277,30327.879683,60632.746079,1.828548,89146,12336.31528,9383.365306
3/31/2015 00:00:00,,3.871650800686,53826.091939,7343.45598,4.02531,14790.161384,93713.732196,17464.875932,31040.5206,4.714152,8.413474,169589.023024,39981.186708,75875.290828,1.784727,105300,14461.292847,17464.875932
3/31/2016 00:00:00,0,6.400509809718,49810,-5405,,12933,85136,14786,36792,-3.191652,-6.182739,169107,42235,83971,1.937159,111684,13097,14786
3/31/2017 00:00:00,0,6.877850130292,47631,-6297,,14897,73719,7419,34218,-3.889546,-8.097733,154684,42389,80965,2.081923,111556,13055,7419
12/31/2017 00:00:00,,6.87785013029198,46213,,,,,,,,,,,,,,,
