Date,Rdexpense,Ceo,Revenue,NetIncome,SustGrowthRate,Ebitda,TotalEquity,ShortTermDebt,LongTermDebt,ReturnOfAssets,ReturnOfEquity,TotalAssets,TotalCurrentLiab,TotalLiab,FinLeverage,NumOfEmployees,GrossProfit,OperatingMargin,StockNow,TargetStock1Year,TargetStock2Year,TargetStock3Year,TargetStock1YGrowth,TargetStock2YGrowth,TargetStock3YGrowth
12/31/1990 00:00:00,,,2678354.004,117185.997,,,790965.988,69599.998,88138,,,8034832.031,,7243865.746,,3150,,69599.998,,,,,,,
12/31/1991 00:00:00,,,3282668.945,148684.006,13.822936,,923488.968,62799.999,76010.002,1.635748,17.344755,10144500,,9221010.868,10.603564,3318,,62799.999,,,,,,,
12/31/1992 00:00:00,,,3986471.924,183367.004,14.768739,,1081881.989,75000,50799.999,1.663504,18.28759,11901374.023,,10819491.833,10.993414,3618,,75000,,,,,,,
12/31/1993 00:00:00,,,5000618.164,255326.996,17.437456,,1365623.947,15300,106762.001,1.867513,20.86426,15442685.547,,14077061.74,11.172214,3902,,15300,,,,,,,
12/31/1994 00:00:00,,,6110757.812,292790.009,15.901888,,1751766.937,46200.001,138701.004,1.638914,18.784299,20287078.125,,18535312.382,11.461432,4000,,46200.001,,,,,,,
12/31/1995 00:00:00,,,7190620.117,349057.007,15.446481,,2134141.021,78599.998,248667.999,1.530111,17.965274,25337986.328,,23203844.535,11.741159,4070,,78599.998,,,,,,,
12/31/1996 00:00:00,,,7039938.965,394363.007,15.972402,,2125568.954,104500,249033.005,1.566151,18.515956,25022812.5,,22897243.149,11.822589,4066,,104500,,,,,,,
12/31/1997 00:00:00,,,6983479.004,585023.01,18.880891,,3430472.076,39599.998,483609.009,2.147787,21.058988,29454005.859,,26023533.226,9.80497,3738,,39599.998,6.2734,11,11.7969,18.0469,1,1,1
12/31/1998 00:00:00,,,7104000,487000,11.665902,,3770000,86000,510000,1.605247,13.526891,31222000,,27452000,8.426671,4335,,86000,11,11.7969,18.0469,12.28,0,1,0
12/31/1999 00:00:00,,,8640000,571000,12.935323,,3868000,180000,931000,1.672941,14.951558,37041000,,33173000,8.937287,4411,,180000,11.7969,18.0469,12.28,15.06,1,0,0
12/31/2000 00:00:00,,,9703000,687000,14.015417,,4694000,123000,956000,1.849957,16.047652,37231000,,32537000,8.674609,5015,,123000,18.0469,12.28,15.06,18.09,0,0,0
12/31/2001 00:00:00,,,9598000,687000,11.582172,,5425000,207000,1000000,1.82978,13.578417,37860000,,32435000,7.420793,5739,,207000,12.28,15.06,18.09,19.92,1,1,1
12/31/2002 00:00:00,,,10257000,821000,11.879178,,6394000,14000,1298000,1.98027,13.892884,45058000,,38664000,7.015653,6086,,14000,15.06,18.09,19.92,23.21,1,1,1
12/31/2003 00:00:00,,,11447000,795000,9.831288,,6646000,11000,1398000,1.655871,12.193252,50964000,,44318000,7.36365,6473,,11000,18.09,19.92,23.21,23,1,1,0
12/31/2004 00:00:00,,,13281000,1266000,15.089298,,7576000,339000,1090000,2.295766,17.803403,59326000,,51750000,7.754887,6531,,339000,19.92,23.21,23,31.315,1,0,1
12/31/2005 00:00:00,,,14363000,1483000,16.293621,,7927000,339000,1056000,2.563814,19.131781,56361000,,48434000,7.462233,6970,,339000,23.21,23,31.315,22.92,0,1,0
12/31/2006 00:00:00,,,14616000,1483000,13.757069,,8341000,256000,1170000,2.553243,18.232112,59805000,,51464000,7.140767,7704,,256000,23,31.315,22.92,23.125,1,0,0
12/31/2007 00:00:00,,14026.203,15393000,1634000,14.515696,,8795000,3000,1462000,2.601704,19.070962,65805000,,57010000,7.330182,8048,,3000,31.315,22.92,23.125,28.215,0,0,0
12/31/2008 00:00:00,,10783.233,16554000,1254000,10.625891,,6639000,453000,1268000,1.728034,16.249838,79331000,,72692000,9.403654,7949,,453000,22.92,23.125,28.215,21.63,0,1,0
12/31/2009 00:00:00,,13591.511,18254000,1497000,12.92508,,8417000,428000,2171000,1.831899,19.88576,84106000,,75689000,10.855274,8057,,428000,23.125,28.215,21.63,26.56,1,0,0
12/31/2010 00:00:00,,15955.183,20732000,2344000,18.579572,,11056000,429000,2609000,2.532069,24.074359,101039000,,89983000,9.50778,7919,,429000,28.215,21.63,26.56,33.4,0,0,0
12/31/2011 00:00:00,,14627.88,22171000,1937000,11.340722,,12946000,345000,2940000,1.782986,16.140322,116237000,,103291000,9.052412,8562,,345000,21.63,26.56,33.4,30.545,1,1,1
12/31/2012 00:00:00,,13818.362,25364000,2866000,15.481953,,15978000,3000,4349000,2.317542,19.817453,131094000,,115116000,8.551065,8965,,3000,26.56,33.4,30.545,29.95,1,0,0
12/31/2013 00:00:00,,18582.055,23939000,3158000,16.327865,,14620000,,4897000,2.502367,20.641872,121307000,,106687000,8.248938,9141,,,33.4,30.545,29.95,34.8,0,0,0
12/31/2014 00:00:00,,15477.348,22728000,2951000,13.777414,,18347000,0,5282000,2.448211,17.902751,119767000,,101420000,7.312585,,,0,30.545,29.95,34.8,43.89,0,0,1
12/31/2015 00:00:00,,11982.383,20872000,2533000,10.267647,,17708000,0,5011000,2.128008,14.050756,118296000,,100588000,6.602774,9915,,0,29.95,34.8,43.89,,1,1,
12/31/2016 00:00:00,,20412.01,22559000,2659000,10.337785,,20482000,0,5360000,2.143361,13.925111,129819000,,109337000,6.496858,10212,,0,34.8,43.89,,,1,,
12/31/2017 00:00:00,,22830.984,21667000,4604000,17.364685,,24598000,0,5289000,3.448224,20.425909,137217000,,112619000,5.923602,11318,,0,43.89,,,,,,
12/31/2017 00:00:00,,22830.984,21667000,4372000,17.9363120981198,,24598000,0,5289000,3.27446486616037,19.396628216504,137217000,,112619000,5.86795491143317,11318,,0,43.89,,,,,,
