Date,Rdexpense,Ceo,Revenue,NetIncome,SustGrowthRate,Ebitda,TotalEquity,ShortTermDebt,LongTermDebt,ReturnOfAssets,ReturnOfEquity,TotalAssets,TotalCurrentLiab,TotalLiab,FinLeverage,NumOfEmployees,GrossProfit,OperatingMargin,StockNow,TargetStock1Year,TargetStock2Year,TargetStock3Year,TargetStock1YGrowth,TargetStock2YGrowth,TargetStock3YGrowth
12/31/1987 00:00:00,16,,431.112,41.174999,,74.692999,254.391,6.659,155.531998,,,521.91803,66.953003,267.527,,7000,111.489014,6.659,,,,,,,
12/31/1988 00:00:00,17.299999,,520.495972,30.6,3.50097,74.746,182.868997,8.178,148.828995,6.308127,14.106356,448.259003,74.653,265.389996,2.236219,5200,117.205963,8.178,,,,,,,
12/31/1989 00:00:00,17.6,,587.843994,38.296001,5.790816,85.499002,197.244998,9.891,219.626999,7.571582,20.380946,563.312988,101.153,366.067997,2.691769,5900,126.28299,9.891,,,,,,,
12/31/1990 00:00:00,11.1,,660.744995,37.338001,4.624504,101.912003,202.323995,24.329,223.748993,6.336621,18.939312,615.169983,133.263,412.845993,2.988866,6100,137.932983,24.329,,,,,,,
12/31/1991 00:00:00,12.1,,715.098999,37.986,4.378777,102.760002,211.478992,16.103001,204.807999,6.188444,18.489576,612.473022,137.699997,400.993996,2.987758,6100,140.343018,16.103001,,,,,,,
12/31/1992 00:00:00,14.7,,769.549988,44.356998,6.81255,116.405998,210.271999,19.749001,187.173004,7.348667,21.034686,594.739014,137.619995,384.466999,2.862381,6200,156.833008,19.749001,,,,,,,
12/31/1993 00:00:00,15.1,,732.195007,-7.332,,81.065002,165.326004,14.543,172.429001,-1.266975,-3.904174,562.663025,167.904007,397.337009,3.081491,6000,150.194031,14.543,,,,,,,
12/31/1994 00:00:00,17.700001,,774.737976,31,19.670108,110.761002,73.180003,11.821,190.335999,5.86649,25.995152,494.187012,165.869995,421.006996,4.431125,6200,174.447998,11.821,,,,,,,
12/31/1995 00:00:00,16,,837.48999,52.279999,53.347895,123.758995,87.059002,56.374001,150.429993,10.241622,65.252526,526.744995,210.675995,439.685989,6.371308,6300,190.481995,56.374001,,,,,,,
12/31/1996 00:00:00,17.1,,800.010986,51.189999,38.656707,115.502002,129.498003,31.844999,150.332993,9.698566,47.276235,528.875,178.936996,399.376991,4.874559,6500,173.005005,31.844999,,,,,,,
12/31/1997 00:00:00,19.5,,847.761,50.413,29.45088,124.821,159.047,13.571,152.293,9.300622,34.942903,555.203,178.729,396.156,3.75705,6700,186.183,13.571,3.9167,3.3056,2.8241,3.8426,False,False,False
12/31/1998 00:00:00,23.4,,927.474,41.739,,134.805,174.049,78.334,226.965,6.651485,25.061244,699.825,233.918,525.776,3.767767,6900,216.454,78.334,3.3056,2.8241,3.8426,4.7244,False,False,True
12/31/1999 00:00:00,21.6,,924.796997,60.768002,27.173332,158.420998,216.216003,99.674004,231.755997,8.27916,31.141917,768.150024,262.735992,551.93399,3.761483,7600,228.786011,99.674004,2.8241,3.8426,4.7244,5.7022,True,True,True
12/31/2000 00:00:00,23.799999,,1024.660034,68.531998,24.478224,179.146999,280.838012,127.600998,233.615997,8.423625,27.575272,858.987976,297.654999,578.149998,3.273564,8100,263.11206,127.600998,3.8426,4.7244,5.7022,7.1496,True,True,True
12/31/2001 00:00:00,22.6,,1019.289001,66.111,18.910011,156.000004,335.057985,167.399002,303.43399,7.002257,21.468235,1029.28894,336.149994,694.230983,3.065902,8100,241.369995,167.399002,4.7244,5.7022,7.1496,10.5689,True,True,True
12/31/2002 00:00:00,23.700001,,1040.541992,83.697998,20.073646,181.636997,420.180997,110.421997,279.635986,8.128801,22.164639,1030.005981,261.420013,609.824996,2.72668,7700,285.971008,110.421997,5.7022,7.1496,10.5689,12.6044,True,True,True
12/31/2003 00:00:00,23.4,,1091.622,87.815,17.942116,192.234,529.13,106.774,317.674,7.823675,18.500786,1214.847,289.231,685.717,2.364718,7800,306.181,106.774,7.1496,10.5689,12.6044,14.1511,True,True,True
12/31/2004 00:00:00,25.5,,1232.318,112.711,16.224956,236.143,659.582,49.943,400.177,8.554269,18.96355,1420.352,272.838,760.77,2.216852,,368.491,49.943,10.5689,12.6044,14.1511,20.8178,True,True,True
12/31/2005 00:00:00,34.8,,1434.457,136.357,14.044591,272.916,809.52,156.13,475.309,8.519778,18.563313,1780.6,405.792,971.08,2.178849,9800,442.669,156.13,12.6044,14.1511,20.8178,13.4267,True,True,False
12/31/2006 00:00:00,42,,1819.29,181.934,16.235997,354.923,966.672,163.608,518.267,9.302575,20.485848,2130.876,480.9,1164.204,2.20217,10400,567.37,163.608,14.1511,20.8178,13.4267,16.9956,True,False,False
12/31/2007 00:00:00,52.9,7.316244,2136.85,228.02,18.358453,439.239,1240.707,236.005,666.953,9.351643,20.659796,2745.7,640.75,1504.993,2.209216,11300,692.336,236.005,20.8178,13.4267,16.9956,26.1667,False,False,False
12/31/2008 00:00:00,57.5,12.259423,2531.135,246.952,17.518554,495.915,1287.772,18.438,1093.243,8.513763,19.533641,3055.542,447.513,1767.77,2.29436,11700,801.049,18.438,13.4267,16.9956,26.1667,28.0667,True,True,True
12/31/2009 00:00:00,50.5,5.140781,2098.355,205.77,12.623739,431.55,1567.024,85.801,955.88,6.530749,14.415741,3246.032,424.282,1679.008,2.207364,10100,662.402,85.801,16.9956,26.1667,28.0667,37.57,True,True,True
12/31/2010 00:00:00,56.8,7.807317,2470.952,283.932,15.281902,555.054,1775.204,97.152,1071.36,8.037767,16.990582,3818.915,550.859,2043.711,2.113844,11600,824.06,97.152,26.1667,28.0667,37.57,52.67,False,True,True
12/31/2011 00:00:00,78,6.702392,2989.914,384.464,18.082403,722.473,2052.805,140.508,1123.416,9.448141,20.086891,4319.49,628.875,2266.685,2.126015,12200,1034.135,140.508,28.0667,37.57,52.67,52.63,True,True,True
12/31/2012 00:00:00,84.9,6.720705,3334.213,459.132,17.700649,851.343,2535.151,320.654,1133.121,9.656234,20.014664,5190.056,879.969,2654.905,2.07272,13700,1180.081,320.654,37.57,52.67,52.63,53.59,True,True,True
12/31/2013 00:00:00,93.9,5.945414,3594.136,516.999,16.172527,933.736,3136.121,273.315,1141.75,9.342265,18.232206,5877.902,874.545,2741.781,1.951583,14500,1270.494,273.315,52.67,52.63,53.59,48.6,False,False,False
12/31/2014 00:00:00,119.3,7.10924,4021.964,584.46,15.807219,1037.17,3239.561,286.201,1427.825,9.504292,18.334039,6420.963,936.144,3181.402,1.929027,15400,1361.223,286.201,52.63,53.59,48.6,72.47,False,False,True
12/31/2015 00:00:00,116.3,6.956398,3974.295,590.859,15.548397,1057.176,3254.626,384.924,1553.116,9.033565,18.19655,6660.45,1024.021,3405.824,2.014327,15400,1356.308,384.924,53.59,48.6,72.47,,False,True,
12/31/2016 00:00:00,112,9.315035,3840.087,512.158,13.17407,981.613,3256.513,278.921,2062.644,7.443549,15.731748,7100.674,924.441,3844.161,2.113474,15700,1264.867,278.921,48.6,72.47,,,True,,
12/31/2017 00:00:00,130.4,7.784073,4300.17,681.47,16.439401,1098.321,4027.633,308.123,1866.166,9.149251,18.711047,7796.064,1138.663,3768.431,2.045091,16900,1448.739,308.123,72.47,,,,,,
12/31/2017 00:00:00,,7.784073,4300.17,681.47,17.0818513638788,1098.321,4027.633,308.123,1866.166,9.14925133274144,18.7110472524851,7796.064,1138.663,3768.431,1.99894646864913,16900,1448.73899316406,308.123,72.47,,,,,,
