Date,Rdexpense,Ceo,Revenue,NetIncome,SustGrowthRate,Ebitda,TotalEquity,ShortTermDebt,LongTermDebt,ReturnOfAssets,ReturnOfEquity,TotalAssets,TotalCurrentLiab,TotalLiab,FinLeverage,NumOfEmployees,GrossProfit,OperatingMargin,StockNow,TargetStock1Year,TargetStock2Year,TargetStock3Year,TargetStock1YGrowth,TargetStock2YGrowth,TargetStock3YGrowth
8/2/1987 00:00:00,44799.999,,4490399.902,247300.003,,564000,1759599.953,93500,380200.012,,,3090000,686400.024,1330400.024,,49226,1309899.902,93500,,,,,,,
7/31/1988 00:00:00,46900.002,,4868899.902,274100.006,8.560999,625299.988,1924300.022,138000,525799.988,8.182578,15.097354,3609600.098,863299.988,1685299.988,1.845061,48389,1476099.854,138000,,,,,,,
7/30/1989 00:00:00,47700.001,,5672100.098,13100,-4.007291,727800.003,1833199.951,271500,629200.012,0.347402,0.713255,3932100.098,1232099.976,2098899.994,2.053113,55412,1670500,271500,,,,,,,
7/29/1990 00:00:00,53700.001,,6205799.805,4400,-6.910412,806800.018,1748099.972,202300.003,805799.988,0.109348,0.253595,4115600.098,1298099.976,2367499.97,2.319155,49941,1947599.61,202300.003,,,,,,,
7/28/1991 00:00:00,56299.999,,6204100.098,401500,15.149776,983899.994,1816900.047,282200.012,772599.976,9.716139,23.040284,4149000,1278000,2332099.976,2.371342,44934,2108600.098,282200.012,,,,,,,
8/2/1992 00:00:00,59700.001,,6263200.195,490500,16.325569,1108400.009,2049999.976,293700.012,693299.988,11.537376,25.673907,4353799.805,1299699.951,2303799.927,2.225281,43256,2300100.097,293700.012,,,,,,,
8/1/1993 00:00:00,68800.003,,6586200.195,8200,0.069717,1216799.973,1703999.97,669400.024,461899.994,0.177272,0.43949,4897500,1850500,3193499.97,2.479178,43256,2558400.146,669400.024,,,,,,,
7/31/1994 00:00:00,78000,,6690000,630000,19.712971,1323000,1989000,434000,560000,12.740786,34.118603,4992000,1665000,3003000,2.677904,44738,2712000,434000,,,,,,,
7/30/1995 00:00:00,88000,,7278000,698000,18.083913,1441000,2468000,865000,857000,12.346334,31.321517,6315000,2164000,3847000,2.536908,43781,3014000,865000,,,,,,,
7/28/1996 00:00:00,84000,,7678000,802000,17.504798,1643000,2742000,865000,744000,12.38897,30.786948,6632000,2229000,3890000,2.485029,40650,3315000,865000,,,,,,,
8/3/1997 00:00:00,68000,,6614000,713000,15.185689,1776000,1503000,1506000,1151000,11.116308,34.262374,6196000,2769000,4693000,3.082172,37000,3202000,1506000,,,,,,,
8/2/1998 00:00:00,71000,,6696000,660000,26.223517,1835000,878000,1401000,1169000,11.159016,57.541412,5633000,2803000,4755000,5.156495,24250,3463000,1401000,55.5625,43.8125,26.6875,26.92,False,False,False
8/1/1999 00:00:00,66000,,6424000,724000,60.955816,1561000,235000,1987000,1330000,12.980726,130.568079,5522000,3146000,5287000,10.058611,24500,3374000,1987000,43.8125,26.5,26.77,23.06,False,False,False
7/30/2000 00:00:00,64000,,6466000,714000,178.494624,1516000,137000,1873000,1218000,13.323381,383.870968,5196000,3032000,5059000,28.811828,22000,3359000,1873000,26.5,26.97,22.9,24.02,False,False,False
7/29/2001 00:00:00,63000,,5771000,649000,,1470000,-247000,1806000,2243000,11.669514,,5927000,3120000,6174000,,24000,2639000,1806000,26.97,23.15,23.82,25.75,False,False,False
7/28/2002 00:00:00,77000,,6133000,525000,,1304000,-114000,1196000,2449000,9.014423,,5721000,2678000,5835000,,25000,2690000,1196000,23.15,24.02,25.7,31.07,False,False,True
8/3/2003 00:00:00,88000,,6678000,595000,,1348000,387000,1279000,2249000,9.978199,,6205000,2783000,5818000,43.684982,25000,2873000,1279000,23.95,25.52,30.7,36.93,False,True,True
8/1/2004 00:00:00,93000,,7109000,647000,61.749405,1394000,874000,810000,2543000,10.046584,102.616971,6675000,2339000,5801000,10.214116,24000,2922000,810000,25.74,30.72,36.84,37.4,True,True,True
7/31/2005 00:00:00,90000,,7072000,707000,37.276931,1366000,1270000,451000,2542000,10.51223,65.951493,6776000,2002000,5506000,6.273787,24000,2897000,451000,30.72,36.68,36.83,36.38,True,False,False
7/30/2006 00:00:00,99000,,7343000,766000,30.657499,1440000,1768000,1097000,2116000,10.460194,50.427913,7870000,2962000,6102000,4.820935,,3075000,1097000,36.68,37.51,36.86,31.16,False,False,False
7/29/2007 00:00:00,111000,13427.721,7385000,854000,33.865755,1526000,1295000,595000,2074000,11.93154,55.762325,6445000,2030000,5150000,4.673523,22500,3001000,595000,37.51,36.45,31.13,35.77,False,False,False
8/3/2008 00:00:00,115000,9732.406,7998000,1165000,45.549554,1567000,1318000,982000,1633000,18.035452,89.169537,6474000,2403000,5156000,4.944126,19400,3171000,982000,36.4,30.96,35.9,32.95,False,False,False
8/2/2009 00:00:00,114000,14512.605,7586000,736000,36.857202,1449000,731000,378000,2246000,11.747805,71.945259,6056000,1628000,5325000,6.124145,18700,3028000,378000,30.96,36.05,32.63,32.47,True,False,False
8/1/2010 00:00:00,123000,12169.663,7676000,844000,55.380895,1599000,929000,835000,1945000,13.687966,100.362757,6276000,2065000,5347000,7.455865,18400,3150000,835000,36.05,32.96,32.96,47.52,False,False,False
7/31/2011 00:00:00,120000,11091.935,7143000,805000,38.619034,1480000,1096000,657000,2427000,12.254529,79.046673,6862000,1989000,5766000,6.523337,17500,2888000,657000,32.96,33.11,46.8,41.59,False,True,False
7/29/2012 00:00:00,116000,8756.403,7175000,774000,37.818087,1417000,898000,786000,2004000,11.55914,77.442095,6530000,2070000,5632000,6.743202,17700,2810000,786000,33.27,47.09,43.27,48.71,True,True,True
7/28/2013 00:00:00,128000,8708.442,8052000,458000,19.989089,1487000,1210000,1909000,2544000,6.167104,43.309693,8323000,3282000,7113000,7.022695,20000,2912000,1909000,47.09,43.46,49,61.59,False,False,False
8/3/2014 00:00:00,122000,9687.089,8268000,866000,30.61805,1572000,1603000,1771000,2244000,10.537844,61.158192,8113000,2989000,6510000,5.803672,19400,2971000,1771000,42.23,49.88,60.87,53.01,True,True,False
8/2/2015 00:00:00,117000,9425.477,8082000,666000,18.466222,1357000,1377000,1543000,2539000,8.227301,44.459279,8077000,2806000,6700000,5.403872,18600,2782000,1543000,49.88,61.31,52.71,,True,False,
7/31/2016 00:00:00,124000,12932.181,7961000,563000,11.906401,1268000,1533000,1219000,2314000,7.075531,38.747419,7837000,2555000,6304000,5.476256,16500,2780000,1219000,62.05,52.83,,,False,,
7/30/2017 00:00:00,98000,8923.761,7890000,887000,28.969007,1718000,1645000,1037000,2499000,11.398831,56.103732,7726000,2395000,6081000,4.921885,18000,3059000,1037000,52.83,,,,,,
