Date,Rdexpense,Ceo,Revenue,NetIncome,SustGrowthRate,Ebitda,TotalEquity,ShortTermDebt,LongTermDebt,ReturnOfAssets,ReturnOfEquity,TotalAssets,TotalCurrentLiab,TotalLiab,FinLeverage,NumOfEmployees,GrossProfit,OperatingMargin,StockNow,TargetStock1Year,TargetStock2Year,TargetStock3Year,TargetStock1YGrowth,TargetStock2YGrowth,TargetStock3YGrowth
12/31/1991 00:00:00,7.912,,1.176,-8.653,,-8.493005,36.630569,0,0,,,37.840321,1.20975,1.20975,,46,,0,,,,,,,
12/31/1992 00:00:00,7.259,,1.115,-7.147,,-7.986859,30.374591,0,0,-20.540036,-21.332685,31.750599,1.376006,1.376006,1.03859,73,,0,,,,,,,
12/31/1993 00:00:00,7.924,,1.807,-10.326,,-10.602,20.295002,0,0,-38.549558,-40.758173,21.822001,1.527,1.527,1.057293,80,0.362,0,,,,,,,
12/31/1994 00:00:00,6.492,,2.256,-10.213,,-7.789,10.004002,0,0,-61.210669,-67.41476,11.548,1.544,1.544,1.101356,47,1.159,0,,,,,,,
12/31/1995 00:00:00,8.183,,1.173,-10.517,,-9.71,7.142997,0,4.85,-81.656896,-122.668698,14.211,2.218,7.068,1.502245,47,0.381,0,,,,,,,
12/31/1996 00:00:00,15.153,,0.882,-17.819,,-17.679,16.064999,0,2.439,-101.39122,-463.485454,20.938,2.434,4.873,3.769331,79,,0,,,,,,,
12/31/1997 00:00:00,17.379999,,1.122,-25.447001,,-25.023999,15.425057,0.211,0.351,-129.980854,-396.536897,18.216999,2.442,2.793,2.883697,94,,0.211,0.3594,0.6406,2.9167,4.0625,True,True,True
12/31/1998 00:00:00,19.771999,,3.8,-25.068001,,-31.659,-3.725464,0.225,8.545,-166.316147,,11.928,7.116,15.661,3.929944,112,3.518,0.225,0.6406,2.9167,4.0625,3.99,True,True,True
12/31/1999 00:00:00,36.394001,,37.957949,-29.636948,,-27.627297,-9.726006,1.307467,40.323002,-100.805028,,46.872535,15.296423,56.599425,,151,34.975236,1.307467,2.9167,4.0625,3.99,2.6837,True,True,False
12/31/2000 00:00:00,52.712002,,84.907997,-16.284,,-23.919001,295.533035,0.929,12.347,-8.274421,,346.726013,33.783001,51.194001,1.609968,316,74.920997,0.929,4.0625,3.99,2.6837,5.6275,False,False,True
12/31/2001 00:00:00,67.653,,114.242996,-1.912,,-19.857001,310.424988,0.587,11.76,-0.545734,-0.631067,353.981995,29.968,43.557001,1.156364,383,100.671996,0.587,3.99,2.6837,5.6275,6.6325,False,True,True
12/31/2002 00:00:00,84.924004,,135.746002,-100,,-31.034999,276.697968,0.086,0.04,-29.35698,-34.064415,327.286987,44.285999,50.588999,1.160351,560,118.424002,0.086,2.6837,5.6275,6.6325,16.2,True,True,True
12/31/2003 00:00:00,122.699997,,271.475006,24.943001,8.198975,5.378,331.743988,0.03,400.015991,4.374764,8.198975,813.026001,71.793999,481.28199,1.874152,679,222.390007,0.03,5.6275,6.6325,16.2,28.765,True,True,True
12/31/2004 00:00:00,160.852,,377.502,52.756,,44.813,477.444,0.008,400.004,5.494504,13.039244,1107.293,141.415,629.849,2.373143,766,317.776,0.008,6.6325,16.2,28.765,23.105,True,True,True
12/31/2005 00:00:00,190.834,,536.941,63.652,11.435665,85.347,635.775,0,399.984,5.408147,11.435665,1246.637,135.637,610.862,2.114526,944,456.214,0,16.2,28.765,23.105,27.64,True,True,True
12/31/2006 00:00:00,258.621,,898.873,68.981,5.28195,200.405,1976.177,0,399.889,3.464269,5.28195,2735.791,239.703,759.614,1.524694,1287,772.981,0,28.765,23.105,27.64,27.84,False,False,False
12/31/2007 00:00:00,400.456,13.461874,1405.82,226.433,9.395324,465.726,2843.944,196.555,0,7.135035,9.395324,3611.284,432.931,767.34,1.316787,1685,1275.609,196.555,23.105,27.64,27.84,29.57,True,False,False
12/31/2008 00:00:00,931.218,13.665278,2254.781,-1533.653,,528.65,3491.328,0,0,-38.072183,-48.416327,4445.27,527.248,953.942,1.271698,2441,1996.514,0,27.64,27.84,29.57,33.8,False,False,False
12/31/2009 00:00:00,794.848,14.071127,2689.893,776.747,19.699556,967.594,4394.606,0,0,15.79624,19.699556,5389.311,494.705,994.705,1.247104,,2473.604,0,27.84,29.57,33.8,39.36,False,True,True
12/31/2010 00:00:00,1128.495,17.26386,3625.745,880.512,16.967872,1248.724,5995.472,0,1247.584,11.312929,16.967872,10177.162,1070.382,4181.69,1.499866,,3319.224,0,29.57,33.8,39.36,84.48,True,True,True
12/31/2011 00:00:00,1600.264,8.917999,4842.07,1318.15,22.930928,1805.604,5512.727,526.684,1275.585,13.061936,22.930928,10005.91,1539.972,4493.183,1.755554,4460,4416.211,526.684,33.8,39.36,84.48,111.86,True,True,True
12/31/2012 00:00:00,1724.156,10.574022,5506.713,1456.18,25.986523,2029.889,5694.467,308.459,2771.333,13.396187,25.986523,11734.306,1690.235,6039.839,1.939845,4700,5207.589,308.459,39.36,84.48,111.86,119.76,True,True,True
12/31/2013 00:00:00,2226.2,20.995785,6493.9,1449.9,25.697498,2183,5589.9,544.8,4196.5,11.547235,25.697498,13378.2,1945.5,7788.3,2.225424,5100,6153.5,544.8,84.48,111.86,119.76,115.75,True,True,True
12/31/2014 00:00:00,2430.6,24.236113,7670.4,1999.9,33.016088,2888.4,6524.8,605.9,6265.7,13.020903,33.016088,17340.1,2112.2,10815.3,2.535622,6012,7284.5,605.9,111.86,119.76,115.75,104.36,False,False,False
12/31/2015 00:00:00,3697.3,22.472912,9256,1602,25.747762,2656.6,5919,0,14250.4,7.217273,25.747762,27053.4,1968.9,21134.4,3.56752,6971,8835.9,0,119.76,115.75,104.36,,False,False,
12/31/2016 00:00:00,4470,28.718654,11229,1999,31.935458,3671,6600,501,13789,7.250714,31.935458,28086,2959,21486,4.404457,7132,10791,501,115.75,104.36,,,False,,
12/31/2017 00:00:00,5915,,13003,2940,43.487908,5178,6921,0,15838,10.098408,43.487908,30141,2987,23220,4.306412,7467,12542,0,104.36,,,,,,
12/31/2017 00:00:00,5915,28.718654,12998,2909,,5173,6921,0,15838,9.99192814330122,43.0293617335996,30141,2987,23220,3.68952358237434,7467,12537,0,104.36,,,,,,
