Date,Rdexpense,Ceo,Revenue,NetIncome,SustGrowthRate,Ebitda,TotalEquity,ShortTermDebt,LongTermDebt,ReturnOfAssets,ReturnOfEquity,TotalAssets,TotalCurrentLiab,TotalLiab,FinLeverage,NumOfEmployees,GrossProfit,OperatingMargin,StockNow,TargetStock1Year,TargetStock2Year,TargetStock3Year,TargetStock1YGrowth,TargetStock2YGrowth,TargetStock3YGrowth
12/31/1987 00:00:00,,,8043000,138000,,1439000,5186000,323000,3162000,,,13231000,1898000,8045000,,55845,,323000,,,,,,,
12/31/1988 00:00:00,,,7592000,147000,,1376000,3508000,1196000,3032000,1.119701,3.382716,13026000,3061000,9518000,3.241605,53968,,1196000,,,,,,,
12/31/1989 00:00:00,,,7745000,452000,9.216489,1316000,3521000,464000,2727000,3.569736,13.53059,12298000,2331000,8777000,3.902604,53097,,464000,,,,,,,
12/31/1990 00:00:00,,,8205000,416000,7.343263,1288000,3541000,357000,3025000,3.314477,11.99175,12804000,2303000,9263000,3.697996,51437,,357000,,,,,,,
12/31/1991 00:00:00,,,8636000,-272000,,1355000,3182000,398000,2804000,-2.124834,-8.091626,12798000,2477000,9616000,3.808121,49937,,398000,,,,,,,
12/31/1992 00:00:00,,,8734000,20000,-4.450219,1492000,2975000,214000,3245000,0.154757,0.649667,13049000,2280000,10074000,4.197986,47598,,214000,,,,,,,
12/31/1993 00:00:00,,,8940000,359000,6.336312,1485000,3180000,310000,3133000,2.712607,11.665313,13420000,2275000,10240000,4.300406,47063,,310000,,,,,,,
12/30/1994 00:00:00,0,,9608000,652000,13.543626,1809000,3731000,513000,2618000,4.804008,18.868471,13724000,2505000,9993000,3.927652,42480,,513000,,,,,,,
12/30/1995 00:00:00,0,,10504000,618000,10.635896,2029000,4242000,634000,2222000,4.41334,15.50232,14282000,2991000,10040000,3.512605,47000,,634000,,,,,,,
12/31/1996 00:00:00,0,,10536000,855000,13.684097,2142000,4995000,436000,4331000,5.472525,18.512504,16965000,2757000,11970000,3.382808,47314,,436000,,,,,,,
12/31/1997 00:00:00,0,,10621000,799000,10.482297,2271000,5766000,355000,6416000,4.328043,14.849921,19957000,2707000,14191000,3.431094,46911,,355000,,,,,,,
12/31/1998 00:00:00,0,,9868000,537000,4.722652,1760000,5880000,287000,6432000,2.659469,9.22205,20427000,2600000,14547000,3.467628,46147,,287000,,,,,,,
12/31/1999 00:00:00,,,10375000,2000,-0.23713,1194000,5756000,923000,6196000,0.009721,0.034376,20720000,3473000,14964000,3.536181,,,923000,,,,,,,
12/29/2000 00:00:00,,,8191000,565000,-3.464157,1405000,6017000,921000,5810000,2.741986,9.598233,20491000,3280000,14474000,3.500467,45355,,921000,,,,,,,
12/28/2001 00:00:00,,,8110000,293000,2.037828,1579000,6120000,1269000,5839000,1.419161,4.828211,20801000,3303000,14681000,3.402159,43599,,1269000,,,,,,,
12/27/2002 00:00:00,,,8152000,424000,5.610281,1776000,6241000,534000,6519000,2.03104,6.860286,20951000,2454000,14710000,3.37772,,,534000,,,,,,,
12/26/2003 00:00:00,,,7566000,246000,1.454557,1163000,6453000,428000,6886000,1.151928,3.875847,21760000,2210000,15307000,3.36466,37516,,428000,,,,,,,
12/31/2004 00:00:00,,,8040000,339000,4.059915,1801000,6811000,1084000,6248000,1.46231,5.11158,24605000,3317000,17794000,3.495552,35847,,1084000,,,,,,,
12/30/2005 00:00:00,,,8618000,1145000,13.506321,2345000,7954000,937000,5093000,4.689068,15.509651,24232000,2979000,16278000,3.307619,35000,,937000,,,,,,,
12/29/2006 00:00:00,,,9566000,1310000,13.790246,2837000,8942000,600000,5362000,5.307834,15.506629,25129000,2522000,16187000,2.921461,36000,,600000,,,,,,,
12/28/2007 00:00:00,,16578.71,10030000,1336000,12.302423,3119000,8685000,787000,6470000,5.274066,15.158564,25534000,2671000,16849000,2.87417,35000,,787000,,,,,,,
12/26/2008 00:00:00,,12373.346,11255000,1365000,12.942922,3686000,8048000,320000,7512000,5.268033,16.315066,26288000,2404000,18240000,3.096994,34000,,320000,,,,,,,
12/25/2009 00:00:00,0,10120.406,9041000,1143000,9.443394,3173000,8768000,113000,7895000,4.299013,13.605523,26887000,1865000,18119000,3.164802,30088,,113000,,,,,,,
12/31/2010 00:00:00,0,9266.652,10636000,1563000,13.658257,4018000,8700000,613000,8051000,5.680744,17.924312,28141000,2537000,19441000,3.155275,30000,,613000,,,,,,,
12/30/2011 00:00:00,0,8618.527,11743000,1822000,15.658363,4394000,8468000,507000,8734000,6.339045,21.25897,29344000,2558000,20876000,3.353655,31000,,507000,,,,,,,
12/28/2012 00:00:00,0,8090.122,11763000,1863000,14.84895,4523000,9136000,780000,9052000,6.203073,21.198157,30723000,2645000,21587000,3.417364,32000,,780000,,,,,,,
12/27/2013 00:00:00,0,12444.632,12026000,1864000,12.904871,4577000,10504000,533000,9022000,5.964323,19.025759,31782000,2424000,21278000,3.188217,31000,,533000,,,,,,,
12/26/2014 00:00:00,0,10068.089,12669000,1927000,11.989831,4764000,11176000,228000,9514000,5.94432,17.804483,33053000,2107000,21877000,2.996765,32000,,228000,,,,,,,
12/30/2015 00:00:00,0,9209.561,11811000,1968000,11.234871,4792000,11668000,20000,10515000,5.805481,17.251359,34745000,1952000,23077000,2.973075,29000,,20000,25.9,35.93,55.01,,1,1,
12/30/2016 00:00:00,0,13580.104,11069000,1714000,8.855171,4690000,11694000,331000,10962000,4.886045,14.684326,35414000,2040000,23720000,3.007115,27000,,331000,35.93,55.01,,,1,,
12/31/2017 00:00:00,0,168377.792,11408000,5471000,36.097635,4982000,14721000,19000,11790000,15.378129,41.464524,35739000,1894000,21018000,2.696824,24000,,19000,55.01,,,,,,
12/31/2017 00:00:00,0,168377.792,11408000,5471000,39.6769832690285,4982000,14721000,19000,11790000,15.3781288209914,41.4721043056398,35739000,1894000,21018000,2.78649577993123,24000,,19000,55.01,,,,,,
