Date,Rdexpense,Ceo,Revenue,NetIncome,SustGrowthRate,Ebitda,TotalEquity,ShortTermDebt,LongTermDebt,ReturnOfAssets,ReturnOfEquity,TotalAssets,TotalCurrentLiab,TotalLiab,FinLeverage,NumOfEmployees,GrossProfit,OperatingMargin,StockNow,TargetStock1Year,TargetStock2Year,TargetStock3Year,TargetStock1YGrowth,TargetStock2YGrowth,TargetStock3YGrowth
12/31/1987 00:00:00,80.5,,2767.363037,13.879,,198.429001,865.202011,71.608002,332.572998,,,2019.357056,649.840027,1154.155029,,24500,696.000977,71.608002,,,,,,,
12/31/1988 00:00:00,95.699997,,3310.094971,-63.41,,192.184002,760.479012,98.705002,408.828003,-3.105762,-11.175492,2064.020996,720.932007,1303.542007,3.193003,26100,756.221924,98.705002,,,,,,,
12/31/1989 00:00:00,111.900002,,3510.833984,-6.11,,190.244995,688.380985,92.997002,406.446991,-0.298426,-3.196896,2030.79895,750.39801,1342.417999,4.122021,25100,788.926025,92.997002,,,,,,,
12/31/1990 00:00:00,101.800003,,3461.800049,-137.699997,,116.399994,734.000023,46,338.600006,-6.689176,-31.500289,2086.300049,727.599976,1352.299988,4.283019,24900,604.699951,46,,,,,,,
12/31/1991 00:00:00,98.800003,,3405.5,-14.1,,136.699997,693.600029,39.299999,371.399994,-0.683222,-4.15687,2041.199951,688.599976,1347.599976,3.881783,22900,628.800049,39.299999,,,,,,,
12/31/1992 00:00:00,129,,3749.199951,-189.5,-41.681647,253,506.800014,75.599998,341.700012,-8.872346,-44.129146,2230.5,724.200012,1723.700012,4.772316,23400,842.5,75.599998,,,,,,,
12/31/1993 00:00:00,158,,4247.899902,177.100006,29.644874,373.200004,821.099991,46,189.600006,7.664842,30.883025,2390.600098,700.299988,1569.49997,4.219797,23600,1036.899902,46,,,,,,,
12/31/1994 00:00:00,237.699997,,4737.200195,252.899994,25.472916,435.199997,1072.599976,77.800003,154.899994,9.923679,28.391804,2706.300049,840,1633.699982,2.861016,25600,1186.500244,77.800003,,,,,,,
12/31/1995 00:00:00,230,,5245,224,16.31495,459,1183,102,117,7.774673,19.861678,3056,1053,1873,2.554664,24300,1271,102,,,,,,,
12/31/1996 00:00:00,235,,5257,160,9.619238,357,1318,132,283,4.980545,12.825651,3369,1021,2051,2.57515,23500,1185,132,,,,,,,
12/31/1997 00:00:00,260,,5625,212,12.216533,434,1475,132,522,5.94337,15.508413,3765,1055,2290,2.609364,26300,1280,132,14.9531,8.875,12.0781,9.4844,False,False,False
12/31/1998 00:00:00,255,,6266,-21,,498,1334,90,1137,-0.505598,-1.55902,4542,1071,3208,3.083519,28300,1341,90,8.875,12.0781,9.4844,9.635,True,False,False
12/31/1999 00:00:00,245,,6639,160,8.367271,625,1503,123,1092,3.463578,11.847464,4697,1314,3194,3.420585,28500,1418,123,12.0781,9.4844,9.635,7.0325,False,False,False
12/31/2000 00:00:00,244,,6597,8,-3.037975,479,1408,164,1032,0.17397,0.578662,4500,1223,3092,3.326221,28000,1259,164,9.4844,9.635,7.0325,12.235,False,False,False
12/31/2001 00:00:00,220,,5681,-103,,301,1358,30,915,-2.337987,-8.883139,4311,1064,2953,3.799483,24900,1013,30,9.635,7.0325,12.235,20.9475,False,True,True
12/31/2002 00:00:00,202,,5853,82,3.719409,313,1224,138,999,1.792742,8.991228,4837,1329,3613,5.015351,23700,1029,138,7.0325,12.235,20.9475,22.4325,True,True,True
12/31/2003 00:00:00,200,,6296,50,0.707635,316,1072,49,1380,1.003714,5.586592,5126,1391,4054,5.565922,24200,1123,49,12.235,20.9475,22.4325,29.545,True,True,True
12/31/2004 00:00:00,241,,8438,350,25.276596,690,1609,327,1299,6.015813,29.787234,6510,2180,4901,4.951489,28100,1680,327,20.9475,22.4325,29.545,63.685,False,True,True
12/31/2005 00:00:00,278,,9918,550,30.260337,1057,2089,154,1213,8.212019,33.690658,6885,2218,4796,4.102603,33500,2186,154,22.4325,29.545,63.685,26.73,True,True,False
12/31/2006 00:00:00,321,,11362,715,27.81826,1287,3056,164,647,9.965157,30.647235,7465,2399,4409,3.075439,34600,2465,164,29.545,63.685,26.73,45.86,True,False,True
12/31/2007 00:00:00,329,13.905311,13048,739,20.930607,1243,3702,119,555,9.438059,23.79649,8195,2711,4493,2.521333,37800,2556,119,63.685,26.73,45.86,110.01,False,False,True
12/31/2008 00:00:00,422,12.18677,14342,755,19.057655,1586,3480,39,629,9.034342,22.730694,8519,2639,5039,2.516032,39800,2940,39,26.73,45.86,110.01,88.02,True,True,True
12/31/2009 00:00:00,362,8.430337,10800,428,8.191808,1008,4020,37,637,4.937987,12.216355,8816,2432,4796,2.473955,,2169,37,45.86,110.01,88.02,108.35,True,True,True
12/31/2010 00:00:00,414,9.111727,13226,1040,20.558764,1922,4996,82,709,10.823187,24.635793,10402,3260,5406,2.276205,39200,3168,82,110.01,88.02,108.35,140.97,False,False,False
12/31/2011 00:00:00,629,17.939882,18048,1848,31.352096,3006,5831,125,658,16.746715,36.370793,11668,3657,5837,2.171817,43900,4589,125,88.02,108.35,140.97,144.17,True,True,True
12/31/2012 00:00:00,728,12.952879,17334,1645,21.579165,2615,6974,77,698,13.586059,27.201323,12548,3136,5574,2.00215,46000,4508,77,108.35,140.97,144.17,88.01,True,True,False
12/31/2013 00:00:00,713,9.393037,17301,1483,15.064125,2508,7870,68,1672,10.874028,21.016084,14728,3368,6858,1.932686,47900,4280,68,140.97,144.17,88.01,136.67,False,False,False
12/31/2014 00:00:00,754,14.784555,19221,1651,14.928894,2820,8093,109,1577,10.82907,21.639688,15764,4021,7671,1.998296,54600,4861,109,144.17,88.01,136.67,176.64,False,False,False
12/31/2015 00:00:00,735,12.279725,19110,1399,10.254042,2571,7750,63,1576,9.055602,18.462554,15134,3803,7384,2.038799,55200,4947,63,88.01,136.67,176.64,,True,True,
12/31/2016 00:00:00,636,13.419856,17509,1394,10.055318,2458,7174,288,1568,9.248632,19.522442,15011,4325,7837,2.110847,55400,4452,288,136.67,176.64,,,True,,
12/31/2017 00:00:00,1388,16.387661,20428,999,4.216782,2948,8164,418,1588,6.038808,14.136126,18075,5677,9911,2.34088,58600,5090,418,176.64,,,,,,
12/31/2017 00:00:00,752,16.387661,20428,999,,2948,8164,418,1588,6.03880795502629,14.1361256544503,18075,5677,9911,2.4225550779151,58600,5090,418,176.64,,,,,,
