Date,Rdexpense,Ceo,Revenue,NetIncome,SustGrowthRate,Ebitda,TotalEquity,ShortTermDebt,LongTermDebt,ReturnOfAssets,ReturnOfEquity,TotalAssets,TotalCurrentLiab,TotalLiab,FinLeverage,NumOfEmployees,GrossProfit,OperatingMargin,StockNow,TargetStock1Year,TargetStock2Year,TargetStock3Year,TargetStock1YGrowth,TargetStock2YGrowth,TargetStock3YGrowth
9/30/1987 00:00:00,189300.003,,6170299.805,467200.012,,1137200.027,2702499.908,363700.012,553000,,,4867799.805,1324800.049,2165300.049,,68700,2080599.854,363700.012,,,,,,,
9/30/1988 00:00:00,204300.003,,6651500,528799.988,10.849962,1222800.003,2820100.098,338700.012,481399.994,10.688442,19.1504,5027000,1438000,2206899.994,1.791692,70800,2218600.098,338700.012,,,,,,,
9/30/1989 00:00:00,218100.006,,7071299.805,588000,11.449902,1303800.003,3073399.948,323799.988,418899.994,11.269765,19.954187,5408000,1533199.951,2334599.945,1.770595,72600,2408599.609,323799.988,,,,,,,
9/30/1990 00:00:00,233600.006,,7573399.902,613200.012,10.951131,1412499.939,2989900.101,918000,496200.012,10.406979,20.22661,6376399.902,2335899.902,3386499.938,1.943562,73700,2571600.097,918000,,,,,,,
9/30/1991 00:00:00,237899.994,,7427000,631900.024,10.779919,1445800.018,3256900.101,765000,450200.012,9.919315,20.231158,6364399.902,2093800.049,3107500.061,2.039572,69500,2585500,765000,,,,,,,
9/30/1992 00:00:00,244800.003,,7706000,662900.024,10.116365,1486500.061,3729800.003,433600.006,448000,10.205213,18.976055,6627000,1811900.024,2897200.012,1.859447,69400,2651399.902,433600.006,,,,,,,
9/30/1993 00:00:00,272399.994,,8173799.805,708099.976,10.043297,1618100.036,3915099.945,1183900.024,438000,9.80646,18.524768,7814500,2692600.098,3899400.086,1.889037,71600,2884000,1183900.024,,,,,,,
9/30/1994 00:00:00,298200.012,,8607200.195,788500,11.709967,1739099.976,4341800.003,923299.988,279899.994,9.838111,19.099178,8215000,2617300.049,3873200.043,1.941346,73900,3054200.195,923299.988,,,,,,,
9/30/1995 00:00:00,354200.012,,10012900.391,907700.012,11.252779,2008200.043,4870800.003,1387099.976,208600.006,10.306574,19.705621,9399000,3280699.951,4528199.981,1.911947,78900,3532500.489,1387099.976,,,,,,,
9/30/1996 00:00:00,398700.012,,11149900.391,1018500,11.333894,2257500.03,5353399.811,967000,772599.976,10.246479,19.92332,10481000,3021100.098,5127600.098,1.944406,86400,3984900.391,967000,,,,,,,
9/30/1997 00:00:00,445100.006,,12298599.609,1121900.024,11.902618,2493699.982,5420700.104,1445099.976,570700.012,10.224979,20.82587,11463299.805,3842399.902,6042599.914,2.036764,100700,4432999.511,1445099.976,,,,,,,
9/30/1998 00:00:00,491299.988,,13447200.195,1228599.976,12.608694,2737399.902,6423200.134,1524400.024,1056599.976,10.186087,21.892373,12659799.805,4021699.951,6236599.976,2.149243,111800,4851600.586,1524400.024,31.125,31.5938,33.5,23.215,False,False,False
9/30/1999 00:00:00,510300,,14269500,1313600,12.470168,2943000,6477700,1953700,1317100,9.995701,21.922929,13623500,4590400,7145800,2.193236,116900,5075700,1953700,31.5938,33.5,23.215,21.97,False,False,False
9/30/2000 00:00:00,593900,,15544800,1422400,12.861491,3219400,6507200,2352700,2247700,9.881964,22.607742,15164300,5218800,8657100,2.287778,123400,5528800,2352700,33.5,23.215,21.97,26.325,False,False,False
9/30/2001 00:00:00,593900,,15479600,1031800,6.036687,2987700,6214100,2447500,2255600,6.830692,16.486642,15046400,5379100,8832300,2.413612,124500,5361100,2447500,23.215,21.97,26.325,30.945,False,False,True
9/30/2002 00:00:00,530000,,13748000,122000,0.811039,2446000,5845000,1560000,2990000,0.824564,2.058203,14545000,4400000,8700000,2.496111,111500,4809000,1560000,21.97,26.325,30.945,35.9,True,True,True
9/30/2003 00:00:00,464000,,13958000,1089000,6.218297,2497000,6574000,391000,3733000,7.323716,17.850996,15194000,3417000,8620000,2.437423,106700,4898000,391000,26.325,30.945,35.9,41.93,True,True,True
9/30/2004 00:00:00,486000,,15615000,1257000,8.499066,2842000,7364000,902000,3136000,7.967042,18.353044,16361000,4339000,8997000,2.303621,,5566000,902000,30.945,35.9,41.93,53.93,True,True,True
9/30/2005 00:00:00,303000,,17305000,1422000,9.946714,3150000,7542000,970000,3128000,8.46731,19.428884,17227000,4931000,9685000,2.294576,114200,6183000,970000,35.9,41.93,53.93,40.79,True,True,False
9/30/2006 00:00:00,356000,,20133000,1845000,14.337148,3676000,8330000,898000,3128000,10.278838,23.723801,18672000,5374000,10342000,2.308024,127800,7168000,898000,41.93,53.93,40.79,40.08,True,False,False
9/30/2007 00:00:00,397000,22181.534,22131000,2136000,15.35826,4152000,8772000,404000,3372000,11.138924,25.239277,19680000,5546000,10908000,2.265863,137700,8065000,404000,53.93,40.79,40.08,52.66,False,False,False
9/30/2008 00:00:00,458000,8071.485,24807000,2412000,16.680634,4789000,9301000,1221000,3297000,11.846758,26.972323,21040000,6573000,11739000,2.276768,140700,9139000,1221000,40.79,40.08,52.66,41.31,False,True,False
9/30/2009 00:00:00,460000,10497.987,20102000,1724000,8.158962,3397000,8706000,577000,3998000,8.450359,19.515508,19763000,4956000,11057000,2.309429,129000,7560000,577000,40.08,52.66,41.31,47.93,True,False,False
9/30/2010 00:00:00,473000,24805.965,21039000,2164000,11.556323,3956000,9952000,480000,4586000,10.158194,23.589688,22843000,5849000,12891000,2.322233,,8326000,480000,52.66,41.31,47.93,64.7,False,False,False
9/30/2011 00:00:00,555000,12786.6,24222000,2480000,14.164646,4721000,10551000,877000,4324000,10.620075,24.5654,23861000,6465000,13310000,2.31311,,9557000,877000,41.31,47.93,64.7,62.58,True,True,True
9/30/2012 00:00:00,547000,10360.122,24412000,1968000,7.702716,4162000,10442000,1506000,3787000,8.255207,19.020006,23818000,7133000,13376000,2.304001,,9768000,1506000,47.93,64.7,62.58,44.17,True,True,False
9/30/2013 00:00:00,576000,25318.952,24669000,2004000,7.883142,4233000,10718000,1587000,4055000,8.258979,19.195402,24711000,7625000,13993000,2.324186,,9952000,1587000,64.7,62.58,44.17,54.51,False,False,False
9/30/2014 00:00:00,356000,9509.258,17733000,2147000,9.391458,3956000,10167000,2465000,3559000,8.783342,20.739954,24177000,8454000,14010000,2.361283,115100,7762000,2465000,62.58,44.17,54.51,62.84,False,False,False
9/30/2015 00:00:00,336000,15313.813,16249000,2710000,14.803692,4555000,8128000,2552000,4289000,11.715119,29.78022,22088000,7800000,13960000,2.542033,110800,7008000,2552000,44.17,54.51,62.84,,True,True,
9/30/2016 00:00:00,320000,15137.533,14522000,1635000,4.770574,3072000,7618000,2584000,4062000,7.460473,20.895904,21743000,8008000,14125000,2.800882,103500,6262000,2584000,54.51,62.84,,,True,,
9/30/2017 00:00:00,340000,12548.528,15264000,1518000,4.583858,3136000,8770000,862000,3794000,7.345398,18.641778,19589000,5045000,10819000,2.537885,76500,6404000,862000,62.84,,,,,,
12/31/2017 00:00:00,,12548.528,15864000,1601000,4.11927378347678,3211000,8388000,2093000,3375000,8.57778134962094,19.9352509027518,19858000,6192000,11470000,2.31130251362278,,6660000,2093000,69.69,,,,,,
