Date,Rdexpense,Ceo,Revenue,NetIncome,SustGrowthRate,Ebitda,TotalEquity,ShortTermDebt,LongTermDebt,ReturnOfAssets,ReturnOfEquity,TotalAssets,TotalCurrentLiab,TotalLiab,FinLeverage,NumOfEmployees,GrossProfit,OperatingMargin,StockNow,TargetStock1Year,TargetStock2Year,TargetStock3Year,TargetStock1YGrowth,TargetStock2YGrowth,TargetStock3YGrowth
12/31/1987 00:00:00,2514000,,79893000,4625200.195,,11096600.098,18622399.582,40394699.219,28066699.219,,,114827601.562,57280699.219,96205198.242,,351700,12284101.562,40394699.219,,,,,,,
12/31/1988 00:00:00,2930000,,92445601.562,5300200.195,20.922151,11572800.049,21693100.006,53818300.781,36487800.781,4.121725,26.486632,142356000,72659296.875,120662897.461,6.426104,358900,13094804.688,53818300.781,,,,,,,
12/31/1989 00:00:00,3167000,,96145898.438,3835000,10.988142,9807400.391,23694600.784,61440601.562,41609699.219,2.535171,17.33067,160187703.125,80420203.125,136493102.539,6.836095,366600,11687398.438,61440601.562,,,,,,,
12/31/1990 00:00:00,3558000,,97650000,860099.976,-2.299531,6414200.074,24186000.824,65725500,47686500,0.516153,3.742339,173085796.875,85148703.125,148899802.734,7.250451,370400,8396703.125,65725500,,,,,,,
12/31/1991 00:00:00,3728000,,88286296.875,-2258000,,3364799.805,23663099.32,60174300.781,54120898.438,-1.300094,-9.928497,174273796.875,80776101.562,150610700.195,7.563068,332700,5320500,60174300.781,,,,,,,
12/31/1992 00:00:00,4332000,,100132296.875,-7385000,,6894000.198,15979800.263,60037101.562,52497601.562,-4.179618,-40.565018,179107796.875,81426898.438,163128000,9.43783,325333,8384000,60037101.562,,,,,,,
12/31/1993 00:00:00,5021000,,108521000,2529000,9.516335,11169000,17193000,65970000,56915000,1.337933,14.779007,198938000,89571000,181745000,12.465733,322213,13675000,65970000,,,,,,,
12/31/1994 00:00:00,5214000,,128439000,5308000,22.039589,18019000,23534000,155000,130816000,2.53794,26.970698,219354000,27832000,195820000,11.234443,337728,20629000,155000,,,,,,,
12/31/1995 00:00:00,6624000,,137137000,4139000,11.425029,18400000,25229000,1832000,146792000,1.789308,17.000266,243283000,34252000,218054000,10.24349,346990,26542000,1832000,,,,,,,
12/31/1996 00:00:00,6821000,,146991000,4446000,10.675166,18915000,27442000,1661000,156700000,1.756791,17.674944,262867000,37865000,235425000,10.210195,371702,28405000,1661000,,,,,,,
12/31/1997 00:00:00,6300000,,153627000,6920000,17.256298,24013000,31412000,88085000,80162000,2.553675,24.44939,279097000,124786000,247685000,9.649497,363892,35008000,88085000,,,,,,,
12/31/1998 00:00:00,6300000,,144416000,22071000,62.315063,23306000,24086000,68989000,64057000,8.544021,82.371693,237545000,106996000,213459000,9.687825,345175,31598000,68989000,,,,,,,
12/31/1999 00:00:00,6000000,,160658000,7237000,15.541816,24941000,28279000,73740000,77915000,2.850368,28.512209,270249000,115557000,241970000,10.023767,364550,33994000,73740000,,,,,,,
12/31/2000 00:00:00,6800000,,170058000,3467000,4.330804,24148000,19283000,66599000,98957000,1.250113,15.054514,284421000,114946000,265138000,12.094854,345991,34425000,66599000,,,,,,,
12/31/2001 00:00:00,7300000,,160754000,-5453000,,9507000,8458000,302000,166501000,-1.944153,-41.595789,276543000,45925000,268085000,21.395324,354431,22896000,302000,,,,,,,
12/31/2002 00:00:00,7700000,,162256000,-980000,26.368513,16674000,11260000,551000,161661000,-0.342798,-14.877392,295222000,47102000,283962000,42.745589,350321,29745000,551000,,,,,,,
12/31/2003 00:00:00,7300000,,164338000,495000,1.077126,15946000,12310000,1806000,177998000,0.163381,5.742126,310723000,54480000,298413000,35.145583,327530,28333000,1806000,,,,,,,
12/31/2004 00:00:00,7400000,,171646000,3487000,22.318544,17872000,14169000,33095000,131242000,1.143052,27.959748,299398000,87045000,285229000,24.46061,324864,29944000,33095000,,,,,,,
12/31/2005 00:00:00,8000000,,177089000,2024000,10.346042,14623000,13996000,32799000,121533000,0.703586,15.470458,275940000,85232000,261944000,21.988,300000,25722000,32799000,3.05,5.128,22.012,9.832,True,True,True
12/31/2006 00:00:00,7200000,,160065000,-12613000,,541000,-3773000,61700000,110132000,-4.450616,,290858000,113693000,294631000,71.367162,283000,3411000,61700000,5.128,22.012,9.832,18.156,True,True,True
12/31/2007 00:00:00,7500000,21671.978,172455000,-2723000,,12571000,5026000,60735000,107795000,-0.944527,,285727000,111910000,280701000,,246000,21193000,60735000,22.012,9.832,18.156,27.03,False,False,False
12/31/2008 00:00:00,7300000,13565.378,145114000,-14766000,,163000,-17062000,1191000,151878000,-5.805683,,222947000,46710000,240009000,,213000,10268000,1191000,9.832,18.156,27.03,28.996,True,True,True
12/31/2009 00:00:00,4700000,17916.654,116283000,2717000,,6438000,-7782000,43557000,88724000,1.300146,,195006000,79087000,202788000,,177000,12104000,43557000,18.156,27.03,28.996,40.632,True,True,True
12/31/2010 00:00:00,5000000,26520.515,128954000,6561000,,15383000,-642000,41664000,62525000,3.636928,,165793000,75483000,166435000,,164000,20158000,41664000,27.03,28.996,40.632,46.608,False,True,True
12/31/2011 00:00:00,5300000,29497.572,136264000,20213000,,13629000,15071000,40311000,59378000,11.716289,,179248000,73078000,164177000,24.036294,164000,19305000,40311000,28.996,40.632,46.608,54.508,True,True,True
12/31/2012 00:00:00,5500000,20955.806,133559000,5613000,32.547215,11099000,16311000,38762000,66296000,3.030238,36.242131,191218000,73761000,174907000,11.960161,165000,17405000,38762000,40.632,46.608,54.508,40.81,True,True,False
12/31/2013 00:00:00,6200000,23204.534,146917000,11953000,49.354478,19353000,26476000,38063000,76625000,6.050268,56.839202,203905000,75305000,177429000,9.394493,181000,23867000,38063000,46.608,54.508,40.81,31.48,True,False,False
12/31/2014 00:00:00,6700000,40976.124,144077000,1231000,-2.852621,7755000,24807000,39172000,79999000,0.59406,4.870425,210531000,77916000,185724000,8.198536,187000,16353000,39172000,54.508,40.81,31.48,42.54,False,False,False
12/31/2015 00:00:00,6700000,18576.946,149558000,7373000,18.813112,14947000,28751000,42975000,89879000,3.386335,27.780708,224925000,82336000,196174000,8.203768,199000,17744000,42975000,40.81,31.48,42.54,,False,False,
12/31/2016 00:00:00,7300000,22102.498,151800000,4596000,4.220577,14458000,29283000,49669000,93301000,1.985845,15.899813,237951000,90281000,208668000,8.006573,201000,16713000,49669000,31.48,42.54,,,True,,
12/31/2017 00:00:00,8000000,40231.835,156776000,7602000,15.666563,13266000,35016000,51621000,102666000,3.066813,23.733999,257808000,94600000,222792000,7.738979,202000,16340000,51621000,42.54,,,,,,
12/31/2017 00:00:00,,40231.835,156776000,7602000,17.9704503366823,13266000,35016000,51621000,102666000,3.06681270536692,23.7339993755854,257808000,94600000,222792000,7.4724195631752,202000,16340000,51621000,42.54,,,,,,
