Date,Rdexpense,Ceo,Revenue,NetIncome,SustGrowthRate,Ebitda,TotalEquity,ShortTermDebt,LongTermDebt,ReturnOfAssets,ReturnOfEquity,TotalAssets,TotalCurrentLiab,TotalLiab,FinLeverage,NumOfEmployees,GrossProfit,OperatingMargin,StockNow,TargetStock1Year,TargetStock2Year,TargetStock3Year,TargetStock1YGrowth,TargetStock2YGrowth,TargetStock3YGrowth
10/31/1981 00:00:00,,,3578000,312000,,,,,,,,,,,,,,,,,,,,,
10/31/1982 00:00:00,,,4254000,383000,,,,,,,,,,,,,,,,,,,,,
10/31/1983 00:00:00,,,4710000,432000,,,,,,,,,,,,,,,,,,,,,
10/31/1984 00:00:00,,,6044000,665000,,,,,,,,,,,,,,,,,,,,,
10/31/1985 00:00:00,,,6505000,489000,,,,,,,,,,,,,,,,,,,,,
10/31/1986 00:00:00,,,7102000,516000,,,,,,,,,,,,,,,,,,,,,
10/31/1987 00:00:00,901000,,8090000,644000,,1304000,5022000,979000,88000,,,8133000,2735000,3111000,,82000,4305000,979000,,,,,,,
10/31/1988 00:00:00,1056000,,9831000,816000,15.635793,1457000,4533000,539000,392000,10.205741,17.080063,7858000,2589000,3325000,1.673574,87000,4999000,539000,,,,,,,
10/31/1989 00:00:00,1269000,,11899000,829000,14.911314,1674000,5446000,1341000,474000,9.245525,16.614891,10075000,3743000,4629000,1.797074,95000,5808000,1341000,,,,,,,
10/31/1990 00:00:00,1367000,,13233000,739000,10.788382,1728000,6363000,1896000,139000,6.884024,12.515878,11395000,4443000,5032000,1.818105,92000,6240000,1896000,,,,,,,
10/31/1991 00:00:00,1463000,,14494000,755000,9.316315,1834000,7269000,1201000,188000,6.461828,11.076878,11973000,4063000,4704000,1.714202,89000,6636000,1201000,,,,,,,
10/31/1992 00:00:00,1620000,,16410000,549000,7.275492,2077000,7499000,1384000,425000,4.276867,7.434995,13700000,5094000,6201000,1.738421,92600,7252000,1384000,,,,,,,
10/31/1993 00:00:00,1761000,,20317000,1177000,11.855091,2725000,8511000,2190000,667000,7.734262,14.70331,16736000,6868000,8225000,1.901062,96200,8194000,2190000,,,,,,,
10/31/1994 00:00:00,2027000,,24991000,1599000,16.851982,3555000,9926000,2469000,547000,8.809189,17.345555,19567000,8230000,9641000,1.96903,98400,9501000,2469000,,,,,,,
10/31/1995 00:00:00,2302000,,31519000,2433000,21.511142,4707000,11839000,3214000,663000,11.060599,22.356995,24427000,10944000,12588000,2.021319,102300,11505000,3214000,,,,,,,
10/31/1996 00:00:00,2718000,,38420000,2586000,16.90074,5023000,13438000,2125000,2579000,9.922112,20.461289,27699000,10623000,14261000,2.062191,112000,12921000,2125000,,,,,,,
10/31/1997 00:00:00,3078000,,42895000,3119000,17.483864,5895000,16155000,1226000,3158000,10.493204,21.079309,31749000,11219000,15594000,2.008853,121900,14576000,1226000,,,,,,,
10/31/1998 00:00:00,2380000,,39419000,2945000,13.652335,4776000,16919000,1245000,2063000,9.281876,17.808551,31708000,11874000,14789000,1.918637,124600,11629000,1245000,10.6624,13.1868,21.0829,7.6409,True,True,False
10/31/1999 00:00:00,2440000,,42370000,3491000,15.675353,5004000,18295000,3105000,1764000,10.420118,19.827341,35297000,14321000,17002000,1.902794,84400,12650000,3105000,13.1868,21.0829,7.6409,7.1733,True,False,False
10/31/2000 00:00:00,2634000,,48870000,3697000,18.702523,5368000,14209000,1555000,3402000,10.668629,22.747969,34009000,15197000,19800000,2.13223,88500,13824000,1555000,21.0829,7.6409,7.1733,10.1289,False,False,False
10/31/2001 00:00:00,2670000,,45226000,408000,-8.940379,3016000,13953000,1722000,3729000,1.225354,2.897521,32584000,13964000,18631000,2.36464,86200,11967000,1722000,7.6409,7.1733,10.1289,8.5172,False,True,False
10/31/2002 00:00:00,3312000,,56588000,-903000,,4381000,36262000,1793000,6035000,-1.748407,-3.596535,70710000,24310000,34448000,2.057035,141000,15009000,1793000,7.1733,10.1289,8.5172,12.7303,True,False,True
10/31/2003 00:00:00,3651000,,73061000,2539000,4.221165,7275000,37746000,1080000,6494000,3.49181,6.86142,74716000,25469000,36970000,1.965004,142000,19411000,1080000,10.1289,8.5172,12.7303,17.5882,False,True,True
10/31/2004 00:00:00,3563000,,79905000,3497000,6.705617,6827000,37564000,2511000,4623000,4.636271,9.286947,76138000,28588000,38574000,2.003107,151000,19094000,2511000,8.5172,12.7303,17.5882,23.463,True,True,True
10/31/2005 00:00:00,3490000,,86696000,2398000,3.938988,7304000,37176000,1831000,3392000,3.125346,6.416912,77317000,31460000,40141000,2.053184,150000,20256000,1831000,12.7303,17.5882,23.463,17.3793,True,True,True
10/31/2006 00:00:00,3591000,,91658000,6198000,14.093893,9123000,38144000,2705000,2490000,7.781642,16.45778,81981000,35850000,43837000,2.11495,156000,22231000,2705000,17.5882,23.463,17.3793,21.5471,True,False,False
10/31/2007 00:00:00,3611000,25139.83,104286000,7264000,16.753359,12001000,38526000,3186000,4997000,8.511835,18.948741,88699000,39260000,50173000,2.226164,172000,25399000,3186000,23.463,17.3793,21.5471,19.2907,False,False,False
10/31/2008 00:00:00,3500000,42525.17,118364000,8329000,19.451748,13829000,38942000,10176000,7676000,8.24531,21.503072,113331000,52939000,74389000,2.607916,321000,28665000,10176000,17.3793,21.5471,19.2907,12.0811,True,False,False
10/31/2009 00:00:00,2819000,29465.175,114552000,7660000,17.356977,14916000,40764000,1850000,13980000,6.715469,19.280384,114799000,43003000,74035000,2.87104,304000,27028000,1850000,21.5471,19.2907,12.0811,6.288,False,False,False
10/31/2010 00:00:00,2959000,31960.712,126033000,8761000,19.73668,16299000,40781000,7046000,15258000,7.322129,21.641183,124503000,49403000,83722000,2.955586,324600,30077000,7046000,19.2907,12.0811,6.288,11.0641,False,False,False
10/31/2011 00:00:00,3254000,46931.706,127245000,7074000,15.782685,14661000,39004000,8083000,22551000,5.56964,17.892101,129517000,50442000,90513000,3.212434,349600,29827000,8083000,12.0811,6.288,11.0641,16.2897,False,False,True
10/31/2012 00:00:00,3399000,15362.142,120357000,-12650000,,-5962000,22833000,6647000,21789000,-10.617538,-41.433976,108768000,46666000,85935000,3.902409,331800,27972000,6647000,6.288,11.0641,16.2897,12.24,True,True,True
10/31/2013 00:00:00,3135000,17643.243,112298000,5113000,16.251886,11742000,27656000,5979000,16608000,4.768611,20.573383,105676000,45521000,78020000,4.314335,317500,25918000,5979000,11.0641,16.2897,12.24,14.49,True,False,False
10/31/2014 00:00:00,1298000,19612.164,56651000,5013000,11.258105,8590000,27127000,3486000,16039000,4.799839,18.566667,103206000,43735000,76079000,3.868185,302000,11220000,3486000,16.2897,12.24,14.49,21.55,False,False,False
10/31/2015 00:00:00,1191000,17135.546,51463000,4554000,11.232886,7981000,28151000,2194000,6677000,4.335326,16.712233,106882000,42191000,78731000,3.854896,287000,9939000,2194000,12.24,14.49,21.55,,True,True,
10/31/2016 00:00:00,1209000,28696.267,48238000,2496000,,3881000,-3889000,78000,6735000,3.674127,,28987000,18808000,32876000,5.689895,49000,8998000,78000,14.49,21.55,,,True,,
10/31/2017 00:00:00,1190000,14730.025,52056000,2526000,,3873000,-3408000,1072000,6747000,8.161551,,32913000,22412000,36321000,,49000,9578000,1072000,21.55,,,,,,
