Date,Rdexpense,Ceo,Revenue,NetIncome,SustGrowthRate,Ebitda,TotalEquity,ShortTermDebt,LongTermDebt,ReturnOfAssets,ReturnOfEquity,TotalAssets,TotalCurrentLiab,TotalLiab,FinLeverage,NumOfEmployees,GrossProfit,OperatingMargin,StockNow,TargetStock1Year,TargetStock2Year,TargetStock3Year,TargetStock1YGrowth,TargetStock2YGrowth,TargetStock3YGrowth
12/31/1987 00:00:00,,,678940.002,38664.001,,87134.996,215153.004,6426,85193.001,,,397343.994,82033.997,182190.997,,,146237,6426,,,,,,,
12/31/1988 00:00:00,,,809908.997,37729,11.452863,90891.003,245448.002,4096,106834.999,8.62454,16.382509,477578.003,103135.002,232130.001,1.899523,,163164.978,4096,,,,,,,
12/31/1989 00:00:00,,,991617.004,45903.999,12.800134,116897.001,281608.997,3465,147453.995,8.777702,17.418989,568344.971,112739.998,286735.992,1.984459,11300,208794.006,3465,,,,,,,
12/31/1990 00:00:00,,,1088624.023,29423,5.173114,122043.003,302604.004,3098,212811.996,4.728542,10.072696,676140.015,127954.002,373535.998,2.130191,11500,231950.012,3098,,,,,,,
12/31/1991 00:00:00,,,1081844.971,39391.998,7.643975,114507.999,332589.009,3224,179360.992,5.913631,12.403158,656104.004,110570,323514.992,2.097385,10400,232397.95,3224,,,,,,,
12/31/1992 00:00:00,,,1315000,65400.002,12.448123,167299.995,441600.006,9500,147899.994,9.158997,16.895099,772000,141000,330399.994,1.844645,11400,299900.024,9500,,,,,,,
12/31/1993 00:00:00,,,1526699.951,85900.002,13.539491,201900.005,515599.991,1400,165800.003,10.263457,17.948183,901900.024,166199.997,386299.999,1.748746,13000,349000,1400,,,,,,,
12/31/1994 00:00:00,600,,1858099.976,115400.002,15.778401,258900.002,625200.012,3900,204899.994,11.41557,20.231417,1119900.024,232899.994,494699.99,1.772265,13000,429000,3900,,,,,,,
12/31/1995 00:00:00,7000,,2256899.902,134300.003,14.927114,325199.997,746800.018,7500,380600.006,10.338722,19.577259,1478099.976,275100.006,731300.01,1.893586,16600,534899.902,7500,,,,,,,
12/31/1996 00:00:00,9000,,2466199.951,140500,13.350968,395800.003,941100.006,0,388500,8.806017,16.647905,1712900.024,292799.988,771799.988,1.890515,21000,623500,0,,,,,,,
12/31/1997 00:00:00,10000,,2909199.951,208300.003,14.775323,467300.01,1173999.97,0,466200.012,10.908044,19.696469,2106300,372500,932300.01,1.805683,26000,737800.049,0,21.25,22,21.4375,18.9375,False,False,False
12/31/1998 00:00:00,12000,,3370399.902,248000,14.409376,554799.996,1436799.957,0,574099.976,10.68597,18.998009,2535300,401400,1098499.976,1.777846,27000,871500,0,22,21.4375,18.9375,23,False,False,False
12/31/1999 00:00:00,17000,,3779000,290500,14.362634,649600,1646200,3800,787400,10.539109,18.845281,2977500,431500,1331300,1.788128,31000,1020300,3800,21.4375,18.9375,23,22.44,False,False,False
12/31/2000 00:00:00,19000,,4276300,264100,10.495349,694000,1793800,5900,988400,8.317193,15.354651,3373200,476600,1579400,1.846134,34000,1087800,5900,18.9375,23,22.44,21.63,True,False,False
12/31/2001 00:00:00,19000,,4113800,187600,5.196153,598300,1866600,57100,977600,5.528949,10.250246,3412900,457000,1546300,1.853923,31000,816900,57100,23,22.44,21.63,28.43,False,False,False
12/31/2002 00:00:00,20000,,4271800,233100,7.118512,581900,1976900,174200,808600,6.742841,12.129569,3501100,598000,1524200,1.798881,31000,821700,174200,22.44,21.63,28.43,22.96,False,True,False
12/31/2003 00:00:00,24000,,4388200,205900,5.045345,520400,2114000,119400,1012200,5.571792,10.066245,3889700,625900,1775700,1.806644,33000,771700,119400,21.63,28.43,22.96,23.9,True,False,False
12/31/2004 00:00:00,25000,,5085500,285400,7.824535,622300,2313100,401300,779400,7.058329,12.893316,4197200,959600,1884100,1.826681,33000,915800,401300,28.43,22.96,23.9,17.44,False,False,False
12/31/2005 00:00:00,25000,,5299300,251300,5.769273,604800,2249000,98600,921600,6.077682,11.016856,4072400,745800,1823400,1.812674,33000,912800,98600,22.96,23.9,17.44,15.19,False,False,False
12/31/2006 00:00:00,,,4333000,300300,6.14818,567100,2351100,52000,1060000,7.203425,13.056238,4265300,691200,1914200,1.812504,32828,809400,52000,23.9,17.44,15.19,20.4,False,False,False
12/31/2007 00:00:00,,2400.794,4250000,-11200,0.67709,526200,2132700,88700,1000600,-0.268656,-0.499576,4072500,799600,1939800,1.859539,,795800,88700,17.44,15.19,20.4,22.76,False,False,False
12/31/2008 00:00:00,,3233.029,4076100,104400,-2.021856,383900,1653000,22400,851200,2.88621,5.515493,3161900,524200,1508900,1.910981,,691200,22400,15.19,20.4,22.76,23.04,True,True,True
12/31/2009 00:00:00,,7277.916,3055100,111800,-2.638564,376300,1575500,10100,789300,3.593065,6.972248,3061200,535100,1485700,1.940474,,629700,10100,20.4,22.76,23.04,27.22,True,False,True
12/31/2010 00:00:00,,5921.076,3359100,176600,1.391794,404100,1524400,2200,762200,5.826268,11.537582,3001000,523000,1476600,1.98027,,655400,2200,22.76,23.04,27.22,30.94,False,False,True
12/31/2011 00:00:00,0,5982.756,3636000,153300,-0.135497,381300,1307700,2500,833300,5.182468,10.93243,2915100,586000,1607400,2.109503,,665300,2500,23.04,27.22,30.94,42.61,True,True,True
12/31/2012 00:00:00,0,6373.127,3414500,248200,5.146478,443400,1442200,201500,853900,8.045381,18.171834,3254900,731000,1812700,2.258667,18300,695600,201500,27.22,30.94,42.61,42.02,True,True,True
12/31/2013 00:00:00,0,8041.307,3477200,197300,0.95403,397200,1399200,181100,688400,6.201477,13.964187,3108100,829500,1708900,2.251752,18800,709900,181100,30.94,42.61,42.02,48.88,True,True,True
12/31/2014 00:00:00,0,7242.695,3782300,98000,6.198271,449400,1154900,201700,766700,3.136652,7.723225,3140600,992200,1985700,2.462251,19000,790400,201700,42.61,42.02,48.88,47.73,False,False,False
12/31/2015 00:00:00,0,9837.304,3917200,325100,13.163233,599700,1097700,3400,941500,10.651508,29.129519,2963700,701200,1866000,2.734779,20000,923200,3400,42.02,48.88,47.73,,True,False,
12/31/2016 00:00:00,0,8055.052,3749900,385800,17.581224,637400,1094000,3600,956200,12.972864,35.440015,2984100,706600,1890100,2.731857,21300,899200,3600,48.88,47.73,,,False,,
12/31/2017 00:00:00,0,7017.028,3943800,292600,8.771338,593800,1190800,153800,1097900,8.954995,25.646419,3550800,976200,2360000,2.863923,22000,867900,153800,47.73,,,,,,
12/31/2017 00:00:00,0,7017.028,3943800,292600,-8.84271587821418,593800,1190800,153800,1097900,8.95499548577637,25.6464194933824,3550800,976200,2360000,2.90996444293938,22000,867900.009155273,153800,47.73,,,,,,
