Date,Rdexpense,Ceo,Revenue,NetIncome,SustGrowthRate,Ebitda,TotalEquity,ShortTermDebt,LongTermDebt,ReturnOfAssets,ReturnOfEquity,TotalAssets,TotalCurrentLiab,TotalLiab,FinLeverage,NumOfEmployees,GrossProfit,OperatingMargin,StockNow,TargetStock1Year,TargetStock2Year,TargetStock3Year,TargetStock1YGrowth,TargetStock2YGrowth,TargetStock3YGrowth
12/31/1989 00:00:00,,,,,,,,,,,,,,,,,,,,,,,,,
12/31/1990 00:00:00,,,12514801.758,804650.024,,,6095304.84,948840.027,1623459.961,,,34735867.188,,28640561.829,,26500,,948840.027,,,,,,,
12/31/1991 00:00:00,,,13634066.406,904338.013,15.603562,,6840066.07,1614178.955,1730765.991,2.44643,16.890879,39195367.188,,32355300.69,6.904297,26800,,1614178.955,,,,,,,
12/31/1992 00:00:00,,,13664710.938,122613.998,,,6638318.923,835987,1534594.971,0.296345,2.190697,43555515.625,,36917195.985,7.392391,28100,,835987,,,,,,,
12/31/1993 00:00:00,,,13633381.836,594120.972,9.092559,,7320571.838,621791.016,2187128.906,1.329051,10.195837,45849753.906,,38529178.467,7.671514,27100,,621791.016,,,,,,,
12/31/1994 00:00:00,,,13469364.258,267834.015,3.600153,,6250074.89,4575907.227,2140003.906,0.55691,4.644851,50335976.562,,44085899.414,8.340397,25400,,4575907.227,,,,,,,
12/31/1995 00:00:00,,,18484500,1765699.951,24.800619,,9577999.939,1072000,3950300.049,3.060293,25.882412,65058199.219,,55480198.609,8.457495,34700,,1072000,,,,,,,
12/31/1996 00:00:00,,,20255800.781,1383900.024,14.940571,,10612100.403,842700.012,4076300.049,2.08511,16.310055,67683000,,57070900.086,7.822156,25300,,842700.012,,,,,,,
12/31/1997 00:00:00,,,20014500,793599.976,7.377575,,12054499.695,277700.012,5627600.098,1.156345,8.627822,69577101.562,,57522600.159,7.461288,35900,,277700.012,6.2734,11,11.7969,18.0469,True,True,True
12/31/1998 00:00:00,,,21295900,464800,3.525568,,12678500,,5966700,0.661371,4.679281,70979400,,58300900,7.075122,34300,,,11,11.7969,18.0469,12.28,False,True,False
12/31/1999 00:00:00,,,21465500,363200,2.84751,,12328000,1647300,5706300,0.51722,3.5998,69463700,,57135700,6.959899,30900,,1647300,11.7969,18.0469,12.28,15.06,True,False,False
12/31/2000 00:00:00,,,21253500,1876700,16.788859,,13399000,,6040000,2.656236,17.730811,71841500,,58442500,6.675163,29700,,,18.0469,12.28,15.06,18.09,False,False,False
12/31/2001 00:00:00,,,18769600,-587100,,,11378200,1602400,5920300,-0.799602,-5.694361,75006600,,63628400,7.121496,27820,,1602400,12.28,15.06,18.09,19.92,True,True,True
12/31/2002 00:00:00,,,17456500,912000,7.809304,,13130500,552400,5651900,1.253417,8.826732,70515600,,57385100,7.042135,25800,,552400,15.06,18.09,19.92,23.21,True,True,True
12/31/2003 00:00:00,,,16461000,-610700,,,12725900,441800,5820200,-0.823065,-5.47971,77880900,,65155000,6.657686,22700,,441800,18.09,19.92,23.21,23,True,True,False
12/31/2004 00:00:00,,,15236900,1215800,9.609515,,13631900,1010100,5980200,1.603945,10.561062,73720300,,60088400,6.584429,22000,,1010100,19.92,23.21,23,31.315,True,False,True
12/31/2005 00:00:00,,,16017800,1211600,8.76589,,15151000,598200,4608600,1.675493,9.668821,70905800,,55754800,5.770733,21600,,598200,23.21,23,31.315,22.92,False,True,False
12/31/2006 00:00:00,,,17702000,2491000,15.953017,,19398000,4000,5568000,3.371072,16.834437,76881000,,57483000,4.993793,21600,,4000,23,31.315,22.92,23.125,True,False,False
12/31/2007 00:00:00,,6534.288,14302000,2489000,13.368367,,21489000,358000,6900000,3.25368,14.601238,76115000,,54626000,4.487607,21700,,358000,31.315,22.92,23.125,28.215,False,False,False
12/31/2008 00:00:00,,7020.135,13247000,4530000,,,17122000,71000,8187000,6.20667,29.495068,69857000,,52735000,4.752157,19100,,71000,22.92,23.125,28.215,21.63,False,True,False
12/31/2009 00:00:00,,8477.742,14117000,564000,3.040011,,21085000,20000,9465000,0.783731,3.756869,74070000,,52985000,4.793572,18500,,20000,23.125,28.215,21.63,26.56,True,False,False
12/31/2010 00:00:00,,8453.153,14615000,1288000,6.704125,,23106000,647000,8830000,1.71337,7.287335,76277000,,53171000,4.253218,18400,,647000,28.215,21.63,26.56,33.4,False,False,False
12/31/2011 00:00:00,,10090.228,14129000,1062000,5.163613,,23203000,176000,8825000,1.401564,5.706303,75268000,,52065000,4.071383,18250,,176000,21.63,26.56,33.4,30.545,True,True,True
12/31/2012 00:00:00,,9843.949,14072000,568000,2.667878,,24676000,38000,9172000,0.731539,2.971411,80021000,,55345000,4.061861,18300,,38000,26.56,33.4,30.545,29.95,True,False,False
12/31/2013 00:00:00,,5905.81,14613000,595000,2.798771,,24906000,1659000,8685000,0.743936,3.05779,79939000,,55033000,4.110286,18175,,1659000,33.4,30.545,29.95,34.8,False,False,False
12/31/2014 00:00:00,,10488.459,14325000,591000,2.754592,,24650000,670000,9998000,0.746655,3.051267,78367000,,53717000,4.086582,17510,,670000,30.545,29.95,34.8,43.89,False,False,True
12/31/2015 00:00:00,,5278.399,13415000,260000,0.919587,,22810000,2080000,8480000,0.336846,1.411471,76006000,,53196000,4.19025,16700,,2080000,29.95,34.8,43.89,,True,True,
12/31/2016 00:00:00,,11027.401,13105000,654000,3.188403,,23361000,220000,10558000,0.857143,3.661404,76594000,,53233000,4.271638,15800,,220000,34.8,43.89,,,True,,
12/31/2017 00:00:00,,12071.107,13735000,1164000,5.780502,,24566000,560000,10973000,1.490588,6.230096,79586000,,55020000,4.179624,18100,,560000,43.89,,,,,,
12/31/2017 00:00:00,,12071.107,13735000,1164000,5.95744841844341,,24566000,560000,10973000,1.49058778332693,6.23009607407606,79586000,,55020000,4.16253760627861,18100,,560000,43.89,,,,,,
