Date,Rdexpense,Ceo,Revenue,NetIncome,SustGrowthRate,Ebitda,TotalEquity,ShortTermDebt,LongTermDebt,ReturnOfAssets,ReturnOfEquity,TotalAssets,TotalCurrentLiab,TotalLiab,FinLeverage,NumOfEmployees,GrossProfit,OperatingMargin,StockNow,TargetStock1Year,TargetStock2Year,TargetStock3Year,TargetStock1YGrowth,TargetStock2YGrowth,TargetStock3YGrowth
3/31/1987 00:00:00,4489,,95135.002,23308.001,,43091,67981.998,1087,4627,,,80322.998,6529,12341,,332,54555,1087,,,,,,,
3/31/1988 00:00:00,4513,,96016.998,25208,27.33374,38764.001,89661.997,2920,6326,26.657643,31.98092,108801.003,11508,19139.001,1.19969,413,51154.999,2920,,,,,,,
3/31/1989 00:00:00,5361,,87930,18270,15.042797,23340,104278.002,50,526,16.49654,18.840879,112699.997,6604,8422,1.142111,410,35964.001,50,,,,,,,
3/31/1990 00:00:00,6070,,95415.001,26209.999,19.42629,23286,127233.002,53,1086,20.949564,22.642551,137520.004,7223,10287,1.080813,440,36955.002,53,,,,,,,
3/31/1991 00:00:00,6293,,104524.002,32952,17.294513,22248,167531.005,,1098,20.310963,22.358225,186955.002,12931,19424,1.100796,440,46242.001,,,,,,,,
3/31/1992 00:00:00,7885,,131936.005,40113.998,17.602422,31401.999,203452.006,,61,19.393968,21.625787,226720.001,17909,23268,1.115078,690,62059.006,,,,,,,,
3/31/1993 00:00:00,13524,,211964.005,70621.002,24.716073,77478.999,295972,,51,24.443733,28.28098,351105.011,26482,55133,1.156983,1037,122564.003,,,,,,,,
3/31/1994 00:00:00,21648.001,,251772.995,73067.001,18.113416,66505.002,379968.994,0,0,19.37012,21.619343,403325.012,17926.001,23356.001,1.116118,1140,126141.998,0,,,,,,,
3/31/1995 00:00:00,30533.001,,396119.995,120869.003,22.872689,150662.006,482728.013,0,0,25.458808,28.021194,546200.989,56351.002,63473.002,1.100648,1310,226529.999,0,,,,,,,
3/31/1996 00:00:00,38912.998,,392859.985,102324.997,15.434023,113627.002,616441.01,1400,0,16.527891,18.61861,692008.972,48595.001,75568.001,1.126496,1733,195162.979,1400,,,,,,,
3/31/1997 00:00:00,42633,,440192,63127,6.835081,75292,659740,17453,32593,8.59111,9.893111,777580,78746,117840,1.151552,1750,180526,17453,,,,,,,
3/31/1998 00:00:00,46278,,555423,100777,11.570675,145855,744465,8477,26218,12.400782,14.353602,847753,71346,103288,1.157476,1946,267133,8477,,,,,,,
3/31/1999 00:00:00,61843,,721123,115409,10.593836,224381,1059905,16941,26827,11.235223,12.792166,1206661,96361,146756,1.138577,2100,384277,16941,,,,,,,
3/31/2000 00:00:00,49121,,790145,154246,11.801149,258665,1203722,9874,30630,12.107739,13.628217,1341230,87770,137508,1.125579,2300,420768,9874,,,,,,,
3/31/2001 00:00:00,64385,,846696,37128,1.469958,208970,1132536,5245,23345,2.642053,3.178416,1469312,294526,336776,1.20301,2220,382175,5245,,,,,,,
3/31/2002 00:00:00,58847,,1104050,260251,18.936197,441290,1402239,16,23883,16.849131,20.534446,1619880,175047,217641,1.218724,2200,623939,16,,,,,,,
3/31/2003 00:00:00,86748,,1269192,272353,17.566492,452198,1446332,1586,19943,16.186904,19.122079,1745223,265771,298891,1.18133,2450,671436,1586,,,,,,,
3/31/2004 00:00:00,100813,,1374617,334609,19.739353,504366,1659788,1586,19130,18.484066,21.545143,1875290,173768,215502,1.165606,2800,762468,1586,,,,,,,
3/31/2005 00:00:00,87881,,1253374,203592,9.772874,321281,1845936,1586,19325,10.151777,11.614833,2135673,245507,289737,1.144118,3000,623540,1586,,,,,,,
3/31/2006 00:00:00,102057,,1257164,184542,9.833633,405891,787651,7086,685188,9.212822,14.014498,1870526,265250,1082875,1.521195,2900,627616,7086,,,,,,,
12/31/2007 00:00:00,146063,8548.535,2178761,-1138025,,436587,3437751,555289,4706716,-17.211897,-55.084586,11353176,2002351,7915425,3.15601,12000,874448,555289,,,,,,,
12/31/2008 00:00:00,317217,13147.056,5137585,-181215,,1124798,2786841,156208,5078937,-1.665347,-10.399383,10409859,1544650,7623018,3.533523,15000,2070221,156208,9.89,18.43,21.13,21.46,1,1,1
12/31/2009 00:00:00,275258,16481.387,5092785,232571,,924509,3145198,193874,3596328,2.192867,3.177854,10801734,1718147,7656536,3.603284,,2074472,193874,18.43,21.13,21.46,27.48,1,0,1
12/31/2010 00:00:00,282146,22935.936,5450522,345115,,1144372,3615401,169770,4790976,3.089862,6.64235,11536804,1809612,7921403,3.318284,,2217397,169770,21.13,21.46,27.48,43.4,0,1,1
12/31/2011 00:00:00,294728,21337.771,6129825,536810,,1516137,3504782,819668,4019080,4.640685,15.134936,11598143,2563156,8093361,3.261358,,2563364,819668,21.46,27.48,43.4,56.37,1,1,1
12/31/2012 00:00:00,401300,37993.015,6796100,640900,,1656000,3355828,397035,4700896,5.447505,18.760356,11931897,2193503,8576069,3.443844,,2908300,397035,27.48,43.4,56.37,54.07,1,1,1
12/31/2013 00:00:00,507800,9047.16,6909100,623700,19.855096,1651500,2959900,443400,7586500,4.581533,19.855096,15294800,2964000,12334900,4.333724,20000,3040300,443400,43.4,56.37,54.07,38.15,1,1,0
12/31/2014 00:00:00,581800,25822.826,7719600,929400,29.991771,1919200,3276000,2803600,3846400,5.97391,29.991771,15820500,5304000,12544500,5.020459,30000,3528000,2803600,56.37,54.07,38.15,42.31,0,0,0
12/31/2015 00:00:00,671900,18931.068,9429300,847600,13.019669,2493000,9765800,1078300,6295600,4.450722,13.019669,22267700,4122200,12501900,2.925294,35000,4216100,1078300,54.07,38.15,42.31,,0,0,
12/31/2016 00:00:00,826800,13776.693,11076900,480000,4.597569,2224600,11117600,336400,15202900,1.684391,4.597569,34726200,5040700,23608600,2.729514,35000,4697000,336400,38.15,42.31,,,1,,
12/31/2017 00:00:00,783300,,11907700,696000,5.699359,3242900,13307600,1855400,12865300,1.973558,5.699359,35806300,6385300,22498700,2.887859,35000,4783100,1855400,42.31,,,,,,
12/31/2017 00:00:00,783300.009155273,13776.693,11907700,696000,5.69935882213251,3242900,13307600,1855400,12865300,1.97355828873214,5.69935882213251,35806300,6385300,22498700,2.69275767692261,35000,4783100,1855400,42.31,,,,,,
