Date,Rdexpense,Ceo,Revenue,NetIncome,SustGrowthRate,Ebitda,TotalEquity,ShortTermDebt,LongTermDebt,ReturnOfAssets,ReturnOfEquity,TotalAssets,TotalCurrentLiab,TotalLiab,FinLeverage,NumOfEmployees,GrossProfit,OperatingMargin,StockNow,TargetStock1Year,TargetStock2Year,TargetStock3Year,TargetStock1YGrowth,TargetStock2YGrowth,TargetStock3YGrowth
9/1/1987 00:00:00,309,,587013,19362,,119858.002,323651.001,31242.001,287002.014,,,919166.992,104116.997,595516.014,,2271,,31242.001,,,,,,,
8/31/1988 00:00:00,334,,571434.021,21656,-11.304468,126457.001,327148.003,38266.998,232235.992,2.307196,6.709239,958090.027,185001.999,630941.986,2.966593,2136,,38266.998,,,,,,,
8/31/1989 00:00:00,340,,618323.975,36639.999,7.020843,115927,342825.005,104477.997,144451.996,3.89521,11.108435,923195.007,210496.002,580369.995,2.885526,2142,,104477.997,,,,,,,
8/31/1990 00:00:00,360,,667979.004,32959.999,3.757252,112044.998,342205.001,65265.999,216186.996,3.53855,9.754284,939715.027,163942.001,597509.994,2.792843,2176,,65265.999,,,,,,,
8/31/1991 00:00:00,367,,689468.018,35942.001,4.032998,122433.002,355835.007,94263,282924.988,3.609336,10.44468,1051897.949,180016.006,696062.988,2.92867,2273,,94263,,,,,,,
8/31/1992 00:00:00,320,,677138,32578.999,1.886035,130667.999,362576.004,21863.001,381009.003,3.070947,9.180609,1069858.032,102307.999,707281.998,3.029301,2229,,21863.001,,,,,,,
8/31/1993 00:00:00,1946,,789109.009,38424,2.725453,144536.003,372149.002,38049.999,375897.003,3.534337,10.602672,1104468.018,125682.999,732319,3.033696,2208,,38049.999,,,,,,,
8/31/1994 00:00:00,1419,,792382.996,36181,1.674383,142888.001,379493.988,64050.003,362897.003,3.228331,9.746703,1137000,148507.996,757505.997,3.055257,2061,,64050.003,,,,,,,
8/31/1995 00:00:00,0,,954195.007,42804.001,3.240319,158993,397629.013,68324.997,350821.014,3.692872,11.164462,1181196.045,172572.998,783567.016,3.053782,2003,326202.026,68324.997,,,,,,,
8/31/1996 00:00:00,0,,1224344.971,52835.999,5.074956,193903,423694.992,65273.003,336821.014,4.401007,13.047786,1219890.991,202630.005,796196.014,2.98894,1884,343782.959,65273.003,,,,,,,
8/31/1997 00:00:00,0,,1161927.002,59268.002,5.878807,203301.01,462625.992,63909,328213.989,4.823835,13.446162,1237406.982,189046.997,774780.975,2.800911,1800,361458.008,63909,,,,,,,
8/31/1998 00:00:00,,,1820758.057,101794.998,4.657031,290464.005,1168870.99,228908.997,312355.011,5.562729,9.172578,2422487.061,460812.988,1253615.997,2.243549,3211,600749.023,228908.997,6.5796,6.7985,6.99,7.0912,False,False,False
8/31/1999 00:00:00,,,1842810,106357,2.567382,349287,1174459,286564,810087,3.904849,5.899448,3024945,543582,1850486,2.32505,3252,686786,286564,6.7985,6.99,7.0912,8.4657,False,False,False
12/31/2000 00:00:00,,,6642858,145607,-1.322101,477284,1224957,834873,1473213,2.804101,9.045951,7360345,3526561,6135388,4.328975,3664,530587,834873,10.5328,7.8091,8.4044,9.665,False,False,False
12/31/2001 00:00:00,,,1915941.04,101565.002,-2.471561,389141.999,1265290.003,849106.018,1620022.949,1.537275,5.178226,5853299.805,1792557.983,4588009.887,5.307006,3657,826375,849106.018,7.8091,8.4044,9.665,12.4402,False,True,True
12/31/2002 00:00:00,,,2104280.029,166623.993,4.716074,521442.001,1365611.994,271834.015,1620168.945,2.876756,9.847846,5730857.91,1720708.008,4365245.972,4.403779,3593,975660.034,271834.015,8.4044,9.665,12.4402,11.6567,True,True,True
12/31/2003 00:00:00,,,2998996.094,112487.999,4.791967,606924.988,1241391.998,606333.984,1978556.03,1.86781,6.772812,6314047.852,2225802.979,5072656.006,4.620563,4342,1136478.149,606333.984,9.665,12.4402,11.6567,18.8748,True,False,True
12/31/2004 00:00:00,,,5785528,242178,10.255845,601705,1605704,985532,1543202,3.584318,17.012282,7199152,2888795,5593448,4.74631,4627,1137217,985532,12.4402,11.6567,18.8748,19.5971,False,True,True
12/31/2005 00:00:00,,,12676230,546545,23.361886,982366,1794757,1548046,2024070,6.620414,32.145347,9311748,4187936,7516991,4.855489,4558,1338154,1548046,11.6567,18.8748,19.5971,12.7466,True,True,False
12/31/2006 00:00:00,,,11913529,306312,8.46868,1097745,3016603,24159,4030855,3.10932,15.274683,10391082,1950538,7374479,4.912548,4536,738877,24159,18.8748,19.5971,12.7466,19.5095,False,False,False
12/31/2007 00:00:00,,16230.072,13477414,304921,7.389571,1050507,2771272,623079,4215046,2.842673,14.571165,11062034,2881667,8290762,5.125867,4555,820634,623079,19.5971,12.7466,19.5095,24.2808,False,False,False
12/31/2008 00:00:00,,6447.112,16157433,311909,7.349066,1160931,3167539,2388195,4112581,2.579029,15.374526,13126062,4193764,9958523,5.961362,4742,914688,2388195,12.7466,19.5095,24.2808,37.9467,True,True,True
12/31/2009 00:00:00,0,7115.18,10805753,305451,5.973883,1171865,3445462,1150085,4334204,2.353811,14.222357,12827683,3338912,9382221,6.042269,4758,878068,1150085,19.5095,24.2808,37.9467,37.4258,True,True,True
12/31/2010 00:00:00,0,8092.515,12678791,334632,6.029082,1249969,3920841,1200091,3686542,2.642507,14.374792,12499175,3151431,8578334,5.439831,4839,924033,1200091,24.2808,37.9467,37.4258,54.4359,True,True,True
12/31/2011 00:00:00,0,8226.241,14805794,360594,5.679113,1471201,3799732,1206373,4529551,2.753066,15.386342,13696635,3246175,9896903,5.588802,4795,1159876,1206373,37.9467,37.4258,54.4359,49.79,False,True,False
12/31/2012 00:00:00,0,9066.092,10184121,360619,1.850229,1289331,4232450,828025,6515372,2.44058,16.511171,15855275,2812994,11622825,6.765265,4859,946743,828025,37.4258,54.4359,49.79,24.66,True,True,False
12/31/2013 00:00:00,0,4497.627,11871879,266533,-1.125433,1264995,4845180,575112,7753657,1.586659,11.932194,17741481,2730330,12896301,7.520326,1927,868737,575112,54.4359,49.79,24.66,57.41,False,False,False
12/31/2014 00:00:00,0,7948.732,12195091,314107,-11.077879,1449609,4005883,1065946,7150142,1.903491,21.441,15261773,2392345,11255890,11.26404,2269,1136972,1065946,49.79,24.66,57.41,53.45,False,False,False
12/31/2015 00:00:00,0,3480.376,7763206,244977,-54.290971,1350779,3766336,656990,8323582,1.595532,52.801717,15446111,1638266,11679775,33.093495,2364,1074203,656990,24.66,57.41,53.45,,True,True,
12/31/2016 00:00:00,0,4690.792,8920934,352039,-61.983057,1677261,3428915,1520927,7919996,2.229163,134.226937,16138751,2836701,12709836,60.214057,2384,1276041,1520927,57.41,53.45,,,False,,
12/31/2017 00:00:00,0,5608.945,12173907,387841,-15.453664,1787230,5685352,1047323,8091629,2.351643,13.542077,16845937,2667335,11160585,5.769971,2470,1395941,1047323,53.45,,,,,,
12/31/2017 00:00:00,0,5608.945,12173907,387841,-48.4311001784836,1787230,5685352,1047323,8091629,2.35164267735381,13.542077020445,16845937,2667335,11160585,3.08713699425077,2470,1395941,1047323,53.45,,,,,,
