Date,Rdexpense,Ceo,Revenue,NetIncome,SustGrowthRate,Ebitda,TotalEquity,ShortTermDebt,LongTermDebt,ReturnOfAssets,ReturnOfEquity,TotalAssets,TotalCurrentLiab,TotalLiab,FinLeverage,NumOfEmployees,GrossProfit,OperatingMargin,StockNow,TargetStock1Year,TargetStock2Year,TargetStock3Year,TargetStock1YGrowth,TargetStock2YGrowth,TargetStock3YGrowth
12/31/1981 00:00:00,,,3496000,224100.006,,,,,,,,,,,,,,,,,,,,,
12/31/1982 00:00:00,,,3764699.951,366299.988,,,,,,,,,,,,,,,,,,,,,
12/31/1983 00:00:00,,,3764699.951,448399.994,,,,,,,,,,,,,,,,,,,,,
12/31/1984 00:00:00,,,3875899.902,511399.994,,,,,,,,,,,,,,,,,,,,,
12/31/1985 00:00:00,,,4024500,579700.012,,,,,,,,,,,,,,,,,,,,,
12/31/1986 00:00:00,,,4476000,660000,,,,,,,,,,,,,,,,,,,,,
12/31/1987 00:00:00,401000,,4919799.805,690200.012,,1112999.985,3904600.056,714900.024,248899.994,,,6922600.098,1956599.976,3017999.969,,40700,3022899.78,714900.024,,,,,,,
12/31/1988 00:00:00,472500,,5385399.902,791299.988,9.049918,1206400.024,4326300.098,967700.012,226899.994,10.869356,19.338913,7637600.098,2344300.049,3311300.018,1.779214,40900,3365299.927,967700.012,,,,,,,
12/31/1989 00:00:00,531200.012,,5671500,681099.976,9.234007,1175300.018,4559899.805,1526300.049,190600.006,8.533804,15.414908,8324799.805,2911600.098,3764900.116,1.806335,42100,3609199.951,1526300.049,,,,,,,
12/31/1990 00:00:00,640099.976,,6406000,801200.012,8.402751,1278600.052,5120699.909,1499300.049,193300.003,9.221491,16.643471,9052000,3116899.902,3931299.881,1.804857,42500,4146600.098,1499300.049,,,,,,,
12/31/1991 00:00:00,756799.988,,6950000,722099.976,5.633357,1497600.006,5060700.097,1691099.976,396600.006,7.728533,14.273148,9634599.609,3420500,4573899.994,1.846812,44100,4749399.902,1691099.976,,,,,,,
12/31/1992 00:00:00,863200.012,,7230200.195,810900.024,9.238253,1707300.018,4753500.008,1252300.049,571299.988,8.436023,16.642552,9590099.609,3217399.902,4836599.914,1.972796,40700,5205900.146,1252300.049,,,,,,,
12/31/1993 00:00:00,974400.024,,7477700.195,657500,2.828486,1923500.061,3904799.877,1178800.049,570500,6.94995,15.31902,9330900.391,3443600.098,5426100.098,2.204192,40500,5705700.195,1178800.049,,,,,,,
12/31/1994 00:00:00,1126099.976,,7977299.805,1298400.024,16.941257,2236900.024,4362700.024,2220000,604200.012,12.711093,31.709284,11098500,4825899.902,6735799.866,2.494615,40800,6255099.854,2220000,,,,,,,
12/31/1995 00:00:00,1442400.024,,10021400.391,1572900.024,18.442133,2934199.951,5553200.096,2035500,833000,13.202226,32.000407,12729299.805,5187200.195,7176100.22,2.423864,43800,7857300.293,2035500,,,,,,,
12/31/1996 00:00:00,1684000,,11306000,1929000,18.586585,3510000,7004000,2235000,687000,14.082194,30.961591,14667000,5640000,7663000,2.198634,46500,9130000,2235000,,,,,,,
12/31/1997 00:00:00,1805000,,12504000,2213000,17.150094,3501000,7933000,2251000,725000,14.923461,29.730637,14991000,4994000,7058000,1.992208,49200,10728000,2251000,25.25,41.8125,32.4375,46,1,1,1
12/31/1998 00:00:00,2279000,,13544000,3351000,19.993807,3083000,8810000,2729000,527000,20.130358,40.028669,18302000,7192000,9492000,1.988473,,11450000,2729000,41.8125,32.4375,46,39.85,0,0,0
12/31/1999 00:00:00,4036000,,27376000,4952000,27.586301,7971000,13950000,5299000,1774000,19.937996,43.514938,31372000,11896000,17422000,2.182513,,21912000,5299000,32.4375,46,39.85,30.57,1,1,0
12/31/2000 00:00:00,4435000,,29355000,3726000,10.153019,9658000,16076000,4289000,1123000,11.485466,24.818491,33510000,11981000,17434000,2.160861,90000,24348000,4289000,46,39.85,30.57,35.33,0,0,0
12/31/2001 00:00:00,4847000,,29024000,7788000,28.06864,11776000,18293000,6263000,2609000,21.435944,45.31991,39153000,13729000,20860000,2.114202,90000,25201000,6263000,39.85,30.57,35.33,26.89,0,0,0
12/31/2002 00:00:00,5176000,,32373000,9126000,31.148048,13352000,19950000,8669000,3140000,21.345122,47.726381,46356000,18555000,26406000,2.235939,98000,28328000,8669000,30.57,35.33,26.89,23.32,1,0,0
12/31/2003 00:00:00,7131000,,45188000,3910000,-15.072806,20115000,65377000,8818000,5755000,4.793693,9.188325,116775000,23657000,51398000,1.916753,122000,38256000,8818000,35.33,26.89,23.32,25.9,0,0,0
12/31/2004 00:00:00,7684000,,52516000,11361000,9.157071,22181000,68278000,11266000,7279000,9.449428,17.047049,123684000,26458000,55406000,1.804665,115000,44975000,11266000,26.89,23.32,25.9,22.73,0,0,0
12/31/2005 00:00:00,7256000,,47405000,8085000,3.257024,19781000,65764000,11589000,6347000,6.71919,12.087074,116970000,28402000,51206000,1.800224,,40173000,11589000,23.32,25.9,22.73,17.71,1,0,0
12/31/2006 00:00:00,7599000,,48371000,19337000,10.515363,19575000,71432000,2434000,5546000,16.632834,28.260679,115546000,22099000,44114000,1.699529,,40731000,2434000,25.9,22.73,17.71,18.19,0,0,0
12/31/2007 00:00:00,8089000,13075.099,48418000,8144000,0.340889,19980000,65124000,5825000,7314000,7.056764,11.958805,115268000,21835000,50144000,1.695491,,40673000,5825000,22.73,17.71,18.19,17.51,0,0,0
12/31/2008 00:00:00,7945000,15547.6,48296000,8104000,-0.969399,22146000,57740000,9320000,7963000,7.158505,13.236928,111148000,27009000,53408000,1.849804,,41256000,9320000,17.71,18.19,17.51,21.64,0,0,0
12/31/2009 00:00:00,7845000,14898.038,50009000,8635000,4.090306,15944000,90446000,5469000,43193000,5.328652,11.706774,212949000,37225000,122503000,2.198222,,41121000,5469000,18.19,17.51,21.64,25.08,0,0,1
12/31/2010 00:00:00,9392000,42084.961,67057000,8257000,2.513971,22105000,88265000,5603000,38410000,4.047916,9.289082,195014000,28636000,106749000,2.295615,110600,51219000,5603000,17.51,21.64,25.08,30.63,1,1,1
12/31/2011 00:00:00,9074000,25013.348,65259000,10009000,2.594831,23710000,82621000,4016000,34926000,5.226414,11.778277,188002000,28909000,105381000,2.254282,103700,51183000,4016000,21.64,25.08,30.63,31.15,1,1,1
12/31/2012 00:00:00,7482000,25634.136,54657000,14570000,4.844099,22919000,81678000,6424000,31036000,7.795613,17.8348,185798000,29186000,104120000,2.288114,91500,44836000,6424000,25.08,30.63,31.15,32.28,1,1,0
12/31/2013 00:00:00,6678000,18947.747,51584000,22003000,11.823286,21594000,76620000,6027000,30462000,12.295648,27.938665,172101000,23366000,95481000,2.272447,77700,41998000,6027000,30.63,31.15,32.28,32.48,0,0,0
12/31/2014 00:00:00,8393000,23283.048,49605000,9135000,3.3892,18786000,71621000,5141000,31541000,5.378797,12.382663,167566000,21587000,95945000,2.302125,78300,40028000,5141000,31.15,32.28,32.48,36.22,0,0,0
12/31/2015 00:00:00,7690000,17987.962,48851000,6960000,0.044022,16981000,64998000,10159000,28740000,4.155881,10.234987,167381000,29398000,102383000,2.46348,97900,39203000,10159000,32.28,32.48,36.22,,0,0,
12/31/2016 00:00:00,7872000,17321.47,52824000,7215000,-0.180462,17763000,59840000,10688000,31398000,4.256687,11.613828,171615000,31115000,111775000,2.729129,96500,40495000,10688000,32.48,36.22,,,1,,
12/31/2017 00:00:00,7657000,27913.775,52546000,21308000,20.892892,19889000,71656000,9953000,33538000,12.409584,32.577767,171797000,30427000,100141000,2.625334,90200,41306000,9953000,36.22,,,,,,
12/31/2017 00:00:00,7658000,27913.775,52546000,21308000,27.5139894550181,19890000,71656000,9953000,33538000,12.4095838235123,32.5792962150344,171797000,30427000,100141000,2.6049759533457,90200,41307000,9953000,36.22,,,,,,
