Date,Rdexpense,Ceo,Revenue,NetIncome,SustGrowthRate,Ebitda,TotalEquity,ShortTermDebt,LongTermDebt,ReturnOfAssets,ReturnOfEquity,TotalAssets,TotalCurrentLiab,TotalLiab,FinLeverage,NumOfEmployees,GrossProfit,OperatingMargin,StockNow,TargetStock1Year,TargetStock2Year,TargetStock3Year,TargetStock1YGrowth,TargetStock2YGrowth,TargetStock3YGrowth
9/27/1990 00:00:00,,,256.682007,17.947001,,82.286,96.765999,467.420013,13.646,,,948.028992,,851.263,,1535,,467.420013,,,,,,,
9/27/1991 00:00:00,,,286.048004,26.735001,22.523654,87.965002,122.115005,467.873993,13.519,2.663186,24.428799,1059.717041,,937.601993,9.172774,1627,,467.873993,,,,,,,
9/25/1992 00:00:00,,,361.134003,41.021999,26.581875,92.225996,160.935001,267.563995,13.388,4.396909,28.98569,806.22998,,645.29499,6.592287,1886,,267.563995,,,,,,,
9/24/1993 00:00:00,,,451.747009,49.347,24.451296,102.470003,205.565002,783.875,13.243,4.379005,26.928786,1447.569946,,1242.005016,6.149522,2173,,783.875,,,,,,,
9/30/1994 00:00:00,,,507.135986,42.069,16.320837,110.382002,227.452,828.69397,13.084,2.674587,19.430646,1698.261963,,1470.809975,7.264915,2513,,828.69397,,,,,,,
9/29/1995 00:00:00,,,554.070007,46.140999,15.699135,149.124002,266.193001,820.877991,12.909,2.486731,18.694,2012.714966,,1746.522007,7.517501,2639,,820.877991,,,,,,,
9/30/1996 00:00:00,,,721.752014,65.977997,19.589928,203.322002,326.632011,974.721985,12.909,2.881704,22.258844,2566.381104,,2239.748997,7.724195,2986,,974.721985,,,,,,,
9/26/1997 00:00:00,,,896.960999,98.915001,23.735978,244.142007,423.276012,1112.584961,14.215,3.384587,26.380569,3278.64502,,2855.368916,7.794324,3244,,1112.584961,,,,,,,
9/25/1998 00:00:00,,,1082.906982,92.704002,17.385396,297.223995,509.89801,1046.626953,0,2.599889,19.868535,3852.737061,,3342.838928,7.642071,3790,,1046.626953,8.9444,8.4722,12.9722,12.2356,0,1,1
9/24/1999 00:00:00,,,1232.206055,85.089996,13.438239,309.072001,558.485992,1467.942993,201.503998,1.915697,15.928729,5030.714844,,4472.229034,8.314849,4480,,1467.942993,8.4722,12.9722,12.2222,11.3911,1,1,1
9/29/2000 00:00:00,,,1698.593994,125.195,18.414662,457.185986,650.518009,2208.436035,132.470001,2.208116,20.710436,6308.815918,,5658.297913,9.379233,4818,,2208.436035,14.6389,12.0667,12.0311,16.2178,0,0,0
9/28/2001 00:00:00,,,1657.843994,96.410004,11.113175,417.078001,770.876022,1498.909058,162.425995,1.520558,13.565556,6372.054199,,5601.17804,8.921432,5811,,1498.909058,12.0667,11.7644,16.2178,15.9,0,1,0
9/27/2002 00:00:00,,,1515.922974,79.303001,7.549773,230.664005,839.635979,935.585999,149.563004,1.277807,9.848173,6040.303223,,5200.667099,7.707088,,,935.585999,11.7644,15.9733,15.6667,20.68,1,1,1
9/26/2003 00:00:00,,,1497.571045,86.317001,7.784984,202.229994,924.734993,1453.338989,167.210007,1.332881,9.78445,6911.638184,,5986.903091,7.340827,,,1453.338989,15.9733,15.6667,20.56,29.68,0,1,1
9/24/2004 00:00:00,,,1829.776,127.575,10.745105,269.465,1086.586,1793.656,136.393,1.755601,12.821943,7621.846,,6535.26,7.303449,,,1793.656,15.9,20.3333,29.54,33.97,1,1,1
9/30/2005 00:00:00,,,2156.997,151.046,10.814396,381.023,1332.854,1396.459,291.242,1.889126,13.094377,8369.256,,7036.402,6.931449,4800,,1396.459,21.4133,29.24,33.93,32.98,1,1,1
9/30/2006 00:00:00,,,2645.578,214.342,13.180031,649.75,1618.78,1602.406,141.638,2.155718,15.843784,11516.65,,9897.87,7.349656,4700,,1602.406,29.24,33.93,32.98,23.28,1,0,0
9/30/2007 00:00:00,,6.605968,3109.579,250.43,12.675785,904.792,1987.484,1675.253,122.64,1.803548,15.546533,16254.168,,14266.684,8.619972,4561,,1675.253,33.93,32.98,23.28,25.33,0,0,0
9/30/2008 00:00:00,,5.722927,3204.932,235.078,9.991271,802.759,2121.227,1188.331,62.224,1.271937,12.910277,20709.616,,18588.389,10.150092,6900,,1188.331,32.98,23.28,25.33,25.96,0,0,0
9/30/2009 00:00:00,,4.205524,2602.519,152.75,4.712223,327.917,2233.139,842.672,346.254,0.784614,7.47703,18226.728,,15993.589,9.941952,7100,,842.672,23.28,25.33,25.96,36.73,0,0,1
9/30/2010 00:00:00,,5.816956,2979.516,228.283,7.50503,458.522,2596.868,3613.015,343.16,1.264382,10.088901,17883.081,,15286.213,8.329293,7200,,3613.015,25.33,25.96,36.73,41.67,0,1,1
9/30/2011 00:00:00,,3.711176,3399.886,278.353,8.334187,556.912,2911.845,1123.461,590.636,1.551142,11.025481,18006.995,,15095.15,7.338831,7600,,1123.461,25.96,36.73,41.67,53.58,1,1,1
9/30/2012 00:00:00,,4.518752,3897.9,295.869,7.501231,610.735,3680.282,840.832,1329.093,1.510798,9.90148,21160.265,,17479.983,6.68776,10400,,840.832,36.73,41.67,53.58,49.63,1,1,1
9/30/2013 00:00:00,,4.782042,4595.798,367.154,8.218453,770.64,3998.337,747.582,1194.508,1.655846,10.474931,23186.122,,19187.785,6.397469,10150,,747.582,41.67,53.58,49.63,58.21,1,0,1
9/30/2014 00:00:00,,6.008669,4965.46,480.248,9.894928,884.202,4433.256,916.19,1190.836,2.06506,12.230426,23325.652,,18892.396,5.959869,10300,,916.19,53.58,49.63,58.21,84.33,0,0,1
9/30/2015 00:00:00,,6.622305,5308.164,502.14,9.101855,952.981,4786.098,956.58,1137.57,2.016882,11.555225,26468.032,,21681.934,5.74768,11000,,956.58,49.63,58.21,84.33,,1,1,
9/30/2016 00:00:00,,8.249813,5521.12,529.35,8.716484,1000.383,5062.976,1303.983,2289.245,1.826762,11.19012,31486.976,,26424,6.140228,11900,,1303.983,58.21,84.33,,,1,,
9/30/2017 00:00:00,,9.768247,6524.875,636.235,9.605708,1165.888,5693.351,778.116,3062.851,1.917224,12.094559,34883.456,,29190.105,6.322042,12700,,778.116,84.33,,,,,,
12/31/2017 00:00:00,,9.768247,6761.699,608.51,7.62046203868924,1276.87,5802.955,692.475,1548.975,1.79622577103569,11.2689576785238,36084.899,,30281.944,6.29237934147221,,,692.475,89.3,,,,,,
