Date,Rdexpense,Ceo,Revenue,NetIncome,SustGrowthRate,Ebitda,TotalEquity,ShortTermDebt,LongTermDebt,ReturnOfAssets,ReturnOfEquity,TotalAssets,TotalCurrentLiab,TotalLiab,FinLeverage,NumOfEmployees,GrossProfit,OperatingMargin,StockNow,TargetStock1Year,TargetStock2Year,TargetStock3Year,TargetStock1YGrowth,TargetStock2YGrowth,TargetStock3YGrowth
12/31/1990 00:00:00,,,612476.99,68893.997,,,524132.004,364100.006,17878,,,6344405.762,,5820273.944,,4316,,364100.006,,,,,,,
12/31/1991 00:00:00,,,658544.006,78255.997,8.504944,,572970.993,136018.997,16190.001,1.19571,14.265934,6745053.223,,6172081.829,11.93093,4465,,136018.997,,,,,,,
12/31/1992 00:00:00,,,655823.975,95047.997,10.051024,,656654.999,256165.985,133983.002,1.299706,15.45966,7881025.879,,7224371.076,11.894738,4696,,256165.985,,,,,,,
12/31/1993 00:00:00,,,687693.97,112044.998,9.7177,,850965.027,280313.995,386308.99,1.220708,14.863825,10476349.609,,9625383.323,12.176394,5439,,280313.995,,,,,,,
12/31/1994 00:00:00,,,929187.012,145884.003,10.254098,,1013869.965,1070923.95,459855.011,1.251382,15.645781,12839320.312,,11825444.84,12.502806,6007,,1070923.95,,,,,,,
12/31/1995 00:00:00,,,1447005.981,197828.995,11.276878,,1429252.99,1068597.046,632018.982,1.332582,16.194764,16851769.531,,15422519.383,12.152925,6273,,1068597.046,,,,,,,
12/31/1996 00:00:00,,,1606860.962,229686.005,9.393724,,1598726.013,1691347.046,367848.999,1.283809,15.170911,18930179.688,,17331452.897,11.817106,8150,,1691347.046,,,,,,,
12/31/1997 00:00:00,,,2683565.918,397528.992,11.596553,,2679821.045,2707351.074,445528.992,1.579243,18.582429,31414060.547,,28734232.604,11.766667,9227,,2707351.074,,,,,,,
12/31/1998 00:00:00,,,3072482.91,421712.006,8.100706,,3000400.025,4540847.168,526931.03,1.235859,14.848436,36831937.5,,33831540.599,12.014673,14632,,4540847.168,,,,,,,
12/31/1999 00:00:00,,,3373427.002,525385.986,10.006021,,3065108.032,7693630.859,1682214.966,1.320956,17.323726,42714398.438,,39649288.429,13.114538,,,7693630.859,,,,,,,
12/31/2000 00:00:00,,,3808153.076,527523.01,8.863213,,3457944,3692206.373,3918962.627,1.22108,16.174116,43688293,,40338261,13.245746,14390,,3692206.373,,,,,,,
12/31/2001 00:00:00,,,4037521.973,508933.99,6.851587,,4035765,4286855.571,4559218.429,1.14276,13.582966,45382712,,41346947,11.886104,15921,,4286855.571,,,,,,,
12/31/2002 00:00:00,,,3795866.943,619901.978,8.782244,,4178421.875,4237820.801,5233745.117,1.328529,15.093447,47938840,,42358866.973,11.361021,15695,,4237820.801,27.0209,30.1312,35.59,34.16,True,True,False
12/31/2003 00:00:00,,,3617886.963,651841.003,8.721729,,4452114.868,4788145.996,5350644.043,1.35045,15.105457,48597996,,44145885.154,11.185496,16180,,4788145.996,30.1312,35.59,34.16,37.4,True,False,False
12/31/2004 00:00:00,,,4610039,823765,4.314396,,10749457,7007493,6259685,1.241503,10.75869,84106438,,73356981,8.729652,26117,,7007493,35.59,34.16,37.4,23.65,False,False,False
12/31/2005 00:00:00,,,6123807,1000544,3.481918,,10614283,5966279,5971680,1.184833,9.366749,84785600,,74171317,7.905546,25000,,5966279,34.16,37.4,23.65,7.96,False,False,False
12/31/2006 00:00:00,,,7756362,1353145,2.927218,,20701454,9667071,8642649,1.186165,8.641949,143369021,,122667567,7.285622,35900,,9667071,37.4,23.65,7.96,5.29,False,False,False
12/31/2007 00:00:00,,19370.602,10930498,1251095,1.585468,,19823029,11120122,11324790,0.87978,6.174514,141041717,,121218688,7.018245,33161,,11120122,23.65,7.96,5.29,7,False,False,False
12/31/2008 00:00:00,,6807.662,9636621,-5595774,,,16812837,15821962,19231277,-3.895564,-33.579529,146247810,,129434973,8.61994,30784,,15821962,7.96,5.29,7,4.3,False,False,False
12/31/2009 00:00:00,,9668.729,7967000,-1031000,,,17881000,3668000,18464000,-0.714568,-9.131464,142318000,,124437000,10.44817,28509,,3668000,5.29,7,4.3,7.12,True,False,True
12/31/2010 00:00:00,,8025.291,7124000,-539000,,,16734000,9941000,7186000,-0.392472,-5.580068,132351000,,115617000,10.043721,27829,,9941000,7,4.3,7.12,9.89,False,False,True
12/31/2011 00:00:00,,6381.475,6395000,-215000,,,16499000,4920000,6257000,-0.165767,-3.260622,127050000,,110551000,9.857908,,,4920000,4.3,7.12,9.89,10.56,True,True,True
12/31/2012 00:00:00,,11897.084,6003000,1120000,6.695639,,15499000,1574000,5861000,0.901782,7.058656,121347000,,105848000,8.846362,23427,,1574000,7.12,9.89,10.56,9.6,True,True,True
12/31/2013 00:00:00,,10314.425,5665000,1122000,6.291035,,15768000,2182000,4830000,0.939923,7.190685,117396000,,101628000,7.874889,24255,,2182000,9.89,10.56,9.6,14.36,False,False,True
12/31/2014 00:00:00,,14421.247,5492000,1147000,5.418437,,16873000,2253000,3462000,0.9681,7.021256,119563000,,102690000,7.597031,23723,,2253000,10.56,9.6,14.36,17.28,False,True,True
12/31/2015 00:00:00,,10784.667,5674000,1062000,4.400851,,16844000,10000,8349000,0.864775,6.293155,126050000,,109206000,7.743891,23916,,10000,9.6,14.36,17.28,,True,True,
12/31/2016 00:00:00,,14063.424,5967000,1163000,4.948246,,16664000,0,7763000,0.92295,6.976006,125968000,,109304000,7.99854,22166,,0,14.36,17.28,,,True,,
12/31/2017 00:00:00,,12721.359,6093000,1263000,5.361286,,16192000,500000,8132000,1.009342,7.771584,124294000,,108102000,8.110643,21714,,500000,17.28,,,,,,
12/31/2017 00:00:00,,12721.359,6093000,1263000,5.2543729199381,,16192000,500000,8132000,1.00934220936459,7.77158413274566,124294000,,108102000,8.03365134994808,21714,,500000,17.28,,,,,,
