Date,Rdexpense,Ceo,Revenue,NetIncome,SustGrowthRate,Ebitda,TotalEquity,ShortTermDebt,LongTermDebt,ReturnOfAssets,ReturnOfEquity,TotalAssets,TotalCurrentLiab,TotalLiab,FinLeverage,NumOfEmployees,GrossProfit,OperatingMargin,StockNow,TargetStock1Year,TargetStock2Year,TargetStock3Year,TargetStock1YGrowth,TargetStock2YGrowth,TargetStock3YGrowth
1/2/1988 00:00:00,9.334,,383.382996,18.110001,,19.151,187.455006,9.122,131.927002,,,426.14801,95.110001,238.693003,,,95.539001,9.122,,,,,,,
12/31/1988 00:00:00,13.806,,500.604004,20.148001,11.737258,30.323999,203.890995,11.275,148.485001,4.397893,11.737258,490.109009,123.139999,286.218,2.668837,,121.174011,11.275,,,,,,,
12/31/1989 00:00:00,17.243999,,615.322998,26.193001,12.902511,33.119999,276.344006,27.937,176.378006,4.557111,12.902511,659.434998,169.421997,383.091003,2.831292,6061,148.611999,27.937,,,,,,,
12/30/1990 00:00:00,22.226,,720.682983,34.966,13.07832,56.242001,394.126991,7.041,210.014008,4.471907,13.07832,904.372009,256.708008,510.245015,2.924551,5965,201.347961,7.041,,,,,,,
12/29/1991 00:00:00,26.171,,805.484009,47.054001,11.89503,61.633002,603.472001,4.904,254.968994,4.473105,11.89503,1199.490967,227.578995,596.01899,2.659233,5965,219.255005,4.904,,,,,,,
1/2/1993 00:00:00,38.674999,,948.971985,59.155998,11.443904,97.490002,717.194,22.034,494.152008,3.920529,11.443904,1818.265015,326.369995,1101.071014,2.918969,,277.653992,22.034,,,,,,,
12/31/1993 00:00:00,58.943001,,1249.718018,76.633003,10.858963,161.089001,1136.20398,64.685997,647.460999,3.57099,10.858963,2473.709961,416.246002,1337.506012,3.040883,8800,407.197998,64.685997,,,,,,,
12/31/1994 00:00:00,229.199997,,1729.19104,104.710999,11.22299,247.759995,1335.220032,94.002998,1049.849976,3.783154,11.22299,3061.935059,560.892029,1726.715005,2.966569,10234,800.54602,94.002998,,,,,,,
12/30/1995 00:00:00,272.80899,,2270.291016,139.582001,12.047393,333.025009,1781.377014,112.279999,1118.077026,4.076414,12.047393,3786.339111,739.445984,2004.962005,2.95539,14400,1030.529053,112.279999,,,,,,,
12/28/1996 00:00:00,301.457001,,2932.558105,190.815994,12.454954,399.273995,2438.418945,153.787003,1550.342041,4.274751,12.454954,5141.244141,913.211975,2702.825012,2.913609,17760,1274.812133,153.787003,,,,,,,
1/3/1998 00:00:00,337.304993,,3558.320068,239.328003,12.756411,542.796021,2717.531006,176.912003,1742.906982,4.376438,12.756411,5795.869141,1092.234985,3078.337966,2.914793,22400,1441.312011,176.912003,37.2521,14.3941,12.9385,24.747,False,False,False
1/2/1999 00:00:00,367.343,,3867.596,181.901,,537.997,2991.807,134.071,1976.094,2.999807,8.38189,6331.645,1138.323,3339.838,2.794143,,1680.703,134.071,14.6097,12.9385,25.0144,23.5,False,True,True
1/1/2000 00:00:00,171.1,,2471.193,-174.573,,362.236,2386.456,302.962,1531.805,-3.032496,-7.99949,5181.842,1066.349,2795.386,2.637923,,1092.699,302.962,12.9385,25.0144,23.86,20.12,True,True,True
12/30/2000 00:00:00,176.756,,2280.522,-36.111,-1.585153,295.646,2558.713,103.356,1528.483,-0.718998,-1.585153,4862.977,728.551,2304.264,2.204671,,1021.836,103.356,25.6613,23.86,19.9,25.25,False,False,False
12/29/2001 00:00:00,171.614,,2188.21,-0.781,-0.035163,265.425,1915.043,528.988,727.502,-0.017979,-0.035163,3825.07,1142.039,1910.027,1.955834,,958.622,528.988,23.67,19.9,25.37,30.32,False,False,False
12/28/2002 00:00:00,155.121,,2086.355,309.73,15.728646,263.975,2030.277,484.48,445.581,8.285378,15.728646,3651.475,1103.72,1621.198,1.898362,,927.376,484.48,20,25.37,30.35,30.25,True,True,True
12/31/2003 00:00:00,146.394,,2097.14,200.009,9.064366,292.031,2382.806,45.981,229.509,5.681716,9.064366,3388.969,684.793,1006.163,1.595357,,948.02,45.981,25.2,30.19,30.13,45.29,True,False,True
12/31/2004 00:00:00,134.68,,2205.995,361.837,14.334845,308.503,2665.55,15.017,226.07,10.389116,14.334845,3576.725,578.728,911.175,1.379795,,1014.479,15.017,30.19,30.13,45.29,57.68,False,True,True
12/31/2005 00:00:00,152.775,,2633.027,223.218,8.178188,403.659,2793.312,130.137,468.63,5.702852,8.178188,4251.569,791.662,1458.257,1.434052,,1194.948,130.137,30.13,45.29,57.68,34.07,True,True,False
12/31/2006 00:00:00,170.184,,3791.617,168.935,2.022551,528.444,13911.827,483.298,2180.705,1.324263,2.022551,21262.238,2152.321,7350.411,1.527303,,1568.06,483.298,45.29,57.68,34.07,47.69,True,False,False
12/31/2007 00:00:00,238.7,3.494834,9746.4,761.1,5.359835,1773.4,14488.3,149.3,2045.9,3.584208,5.359835,21207.4,1901.6,6719.1,1.495403,,3804.4,149.3,57.68,34.07,47.69,55.36,False,False,False
12/31/2008 00:00:00,249.1,18.705572,10498,980.9,6.669432,2022.1,14926.5,14.8,2027.4,4.63811,6.669432,21090,1540.2,6163.5,1.437963,34500,4206.2,14.8,34.07,47.69,55.36,44.97,True,True,False
12/31/2009 00:00:00,246.1,35.832537,10109.7,850.3,5.601929,1836.2,15430.9,117.5,2065.9,3.981271,5.601929,21625,1639.3,6194.1,1.40707,35400,4024.7,117.5,47.69,55.36,44.97,63.78,True,False,True
12/31/2010 00:00:00,284.8,2.761689,10570.2,1035.6,6.726444,1952,15361,105.8,2031.3,4.819614,6.726444,21349.4,1709.8,5988.4,1.39564,37200,4297.2,105.8,55.36,44.97,63.78,111.35,False,False,True
12/31/2011 00:00:00,340.2,5.516567,11558.8,1329.9,8.749601,2110.4,15038.1,1272.8,5755.2,5.520193,8.749601,26833.7,3113.1,11795.6,1.585017,39300,4794,1272.8,44.97,63.78,111.35,125.29,True,True,True
12/31/2012 00:00:00,376.4,13.555101,12509.9,1177.9,6.517533,2465.8,15464.7,93.1,7031.2,4.340224,7.723225,27444.6,2093.3,11979.9,1.779453,38900,5295.5,93.1,63.78,111.35,125.29,141.85,True,True,True
12/31/2013 00:00:00,395.5,16.16888,13090.3,1273.3,6.547488,2609.5,16856.1,987.7,9499.6,4.293856,7.879137,31863.4,3126,15007.3,1.834979,50000,5529.1,987.7,111.35,125.29,141.85,141.1,True,True,False
12/31/2014 00:00:00,691.1,17.446957,16889.6,1894.4,8.852582,4187.8,20548.1,2212.4,12351.6,5.070969,10.129344,42852.1,5349.8,22304,1.997516,51000,7492,2212.4,125.29,141.85,141.1,189.88,True,False,True
12/31/2015 00:00:00,692,16.307079,16965,1975,8.287709,4024,21350.2,1051.8,11420.2,4.720002,9.42759,40834.3,4146.3,19484.1,1.99737,52000,7756,1051.8,141.85,141.1,189.88,,False,True,
12/31/2016 00:00:00,755,17.800661,18274,2022,8.325217,4207,21540,1255,15372,4.662085,9.428727,45908,4866,24368,2.022427,55000,8369,1255,141.1,189.88,,,True,,
12/31/2017 00:00:00,888,,20918,2225,8.469402,5001,25413,2135,18873,4.338204,9.477563,56669,7048,31256,2.184674,70000,9445,2135,189.88,,,,,,
12/31/2017 00:00:00,888.100006103516,17.800661,20918.2,2224.9,8.40157110141052,5001.1,25413,2135,18873,4.33800949530597,9.47713671117926,56669,7048,31256,2.24792476474016,70000,9572.80004882813,2135,189.88,,,,,,
