Date,Rdexpense,Ceo,Revenue,NetIncome,SustGrowthRate,Ebitda,TotalEquity,ShortTermDebt,LongTermDebt,ReturnOfAssets,ReturnOfEquity,TotalAssets,TotalCurrentLiab,TotalLiab,FinLeverage,NumOfEmployees,GrossProfit,OperatingMargin,StockNow,TargetStock1Year,TargetStock2Year,TargetStock3Year,TargetStock1YGrowth,TargetStock2YGrowth,TargetStock3YGrowth
12/28/1987 00:00:00,46841.999,,8822666.016,446622.986,,1479418.03,3749235.936,1656074.951,3946391.113,,,12921652.344,2440115.967,9172416.016,,39835,1885540.039,1656074.951,,,,,,,
12/26/1988 00:00:00,57456.001,,9327883.789,565590.027,7.68845,1710323.059,4077988.973,2392024.902,4396459.961,3.996283,14.014488,15384151.367,3266356.934,11306161.865,3.651558,46976,2274520.02,2392024.902,,,,,,,
12/31/1989 00:00:00,64752.998,,10105610.352,341071.014,1.795747,1829544.037,4172544.965,2423989.99,3843112.061,2.175191,7.788284,15975952.148,3387666.992,11803406.982,3.832296,45214,2418903.32,2423989.99,,,,,,,
12/30/1990 00:00:00,57224.998,,9024315.43,393697.998,3.395248,1471218.018,3935544.014,961708.008,5300752.93,2.435363,9.50582,16355819.336,1751029.053,12420275.147,4.037753,40621,1973185.547,961708.008,,,,,,,
12/29/1991 00:00:00,56257,,8701597.656,-161947.998,,1121718.964,3579883.919,1014333.008,5125587.891,-0.971444,-4.404847,16985873.047,1927568.97,13405989.869,4.534328,38669,1611434.57,1014333.008,,,,,,,
12/27/1992 00:00:00,42980.999,,9266468.75,372049.011,3.590122,1347136.017,3739464.95,633903.015,5553476.074,2.117267,10.428322,18158402.344,1643626.953,14418937.988,4.92537,39000,1921040.527,633903.015,,,,,,,
12/31/1993 00:00:00,44456.001,,9544791.992,579336.975,8.125189,1468475.983,4075409.951,308183.99,5302452.148,3.762313,15.221506,12638453.125,1365225.952,8563043.09,4.045785,36748,2013947.754,308183.99,,,,,,,
12/31/1994 00:00:00,47000,,10398000,589000,8.284787,1754000,4393000,743000,4666000,4.593407,14.268245,13007000,2083000,8614000,3.106245,36665,2224000,743000,,,,,,,
12/31/1995 00:00:00,51000,,11788000,799000,11.235187,2514000,4597000,487000,4736000,6.085301,18.208751,13253000,1941000,8656000,2.992252,39431,3011000,487000,,,,,,,
12/29/1996 00:00:00,54000,,11114000,463000,3.212321,1687000,4717000,341000,5083000,3.448918,10.187019,13596000,1728000,8879000,2.953685,39700,2177000,341000,,,,,,,
12/28/1997 00:00:00,56000,,11210000,342000,0.540365,1486000,4770000,270000,4515000,2.564583,7.392197,13075000,1612000,8305000,2.882417,35778,1819000,270000,,,,,,,
12/28/1998 00:00:00,57000,,10766000,294000,-0.544959,1343000,4526000,657000,4098000,2.269482,6.408719,12834000,2063000,8308000,2.823869,35000,1671000,657000,20.8213,28.8531,21.2818,22.2394,True,False,False
12/26/1999 00:00:00,55000,,12780000,527000,4.314527,1902000,7173000,1556000,4453000,3.381131,9.009317,18339000,3610000,11166000,2.664587,44800,2340000,1556000,28.2392,20.8469,21.7974,20.0744,False,False,False
12/31/2000 00:00:00,56000,,15980000,840000,6.811853,2589000,6832000,1511000,4336000,4.598456,11.995716,18195000,3482000,11363000,2.60864,47200,3086000,1511000,20.7702,22.133,20.1399,26.1929,False,False,False
12/30/2001 00:00:00,55000,,14545000,354000,0.044356,1780000,6695000,370000,5715000,1.940364,5.233976,18293000,2221000,11598000,2.69742,44800,2246000,370000,22.133,20.0703,26.2339,27.5517,False,False,False
12/29/2002 00:00:00,52000,,18521000,241000,-1.681934,2315000,6623000,851000,12721000,1.036292,3.619162,28219000,3057000,21596000,3.492416,56787,2759000,851000,20.0703,26.0497,27.5067,27.478,True,True,True
12/28/2003 00:00:00,51000,,19873000,277000,-0.938552,2463000,7109000,95000,12396000,0.983525,4.034372,28109000,2526000,21000000,4.101952,55162,2961000,95000,26.0497,27.4125,27.4535,28.9759,False,False,False
12/26/2004 00:00:00,55000,,21931000,1283000,11.03276,3718000,9255000,494000,10144000,4.419338,15.680763,29954000,3151000,20699000,3.548216,53600,4276000,494000,27.1179,27.2079,28.9186,30.0973,False,False,False
12/25/2005 00:00:00,61000,,22629000,733000,1.533416,3380000,9800000,399000,8255000,2.519636,7.693519,28229000,3262000,18429000,3.053424,49887,3901000,399000,27.4207,28.9186,30.3388,12.544,False,False,False
12/31/2006 00:00:00,69000,,18671000,453000,2.367851,2882000,9085000,566000,7675000,1.644552,4.797458,26862000,3129000,17777000,2.917183,46700,3179000,566000,28.9145,30.1792,12.5276,17.6557,False,False,False
12/30/2007 00:00:00,71000,5258.519,10824000,790000,,1205000,7981000,875000,6520000,3.118339,9.258174,23806000,2921000,15825000,2.968944,37900,1473000,875000,30.1792,12.5399,17.9503,18.95,False,False,False
12/31/2008 00:00:00,64000,11387.844,8100000,-1176000,,-1852000,4847000,408000,5609000,-5.807264,-18.382181,16695000,1722000,11848000,3.165377,19843,1111000,408000,12.5276,17.6557,18.93,18.67,True,True,True
12/31/2009 00:00:00,51000,4870.566,5528000,-545000,,20000,4054000,47000,5643000,-3.412115,-12.305261,15250000,995000,11196000,3.606345,14900,401000,47000,17.6557,18.93,18.67,27.82,False,False,True
12/31/2010 00:00:00,34000,5891.798,5954000,1281000,-168.526014,949000,4614000,0,5060000,8.933366,29.597967,13429000,1074000,8815000,3.313193,14250,1123000,0,18.93,18.67,27.82,31.57,False,True,True
12/31/2011 00:00:00,30000,6077.695,6216000,331000,-0.39751,1079000,4267000,12000,4466000,2.539999,7.459155,12634000,941000,8367000,2.936676,12800,1096000,12000,18.67,27.82,31.57,35.89,True,True,True
12/31/2012 00:00:00,32000,7068.898,7059000,385000,1.032041,1185000,4113000,570000,4393000,3.052406,9.24037,12592000,1605000,8479000,3.027241,13200,1249000,570000,27.82,31.57,35.89,29.98,True,True,False
12/31/2013 00:00:00,33000,14243.097,7254000,563000,0.210323,1106000,6832000,2000,5402000,4.144429,10.614251,14577000,1128000,7745000,2.670172,13700,1538000,2000,31.57,35.89,29.98,30.09,True,False,False
12/31/2014 00:00:00,20000,8144.434,5489000,1826000,0.241393,1487000,5304000,0,5402000,13.116874,33.184358,13265000,918000,7961000,2.592365,12800,1306000,0,35.89,29.98,30.09,35.26,False,False,False
12/31/2015 00:00:00,18000,8781.463,5246000,506000,-7.199634,1137000,4869000,4000,5298000,3.894555,10.458404,12720000,1325000,7851000,2.941143,12600,1125000,4000,29.98,30.09,35.26,,False,False,
12/31/2016 00:00:00,19000,10338.963,6365000,1027000,-19.036596,1387000,9180000,282000,6840000,6.42618,15.022422,19243000,1206000,10063000,2.388864,10400,1385000,282000,30.09,35.26,,,True,,
12/31/2017 00:00:00,14000,11447.707,7196000,582000,-3.9754,1652000,8899000,62000,6232000,3.120476,6.438409,18059000,1165000,9160000,2.063278,9300,1898000,62000,35.26,,,,,,
12/31/2017 00:00:00,14000,11447.707,7196000,582000,0.695374802960929,1652000,8899000,62000,6232000,3.12047611388129,6.4384092040489,18059000,1165000,9160000,2.03193267944717,9300,1898000,62000,35.26,,,,,,
