Date,Rdexpense,Ceo,Revenue,NetIncome,SustGrowthRate,Ebitda,TotalEquity,ShortTermDebt,LongTermDebt,ReturnOfAssets,ReturnOfEquity,TotalAssets,TotalCurrentLiab,TotalLiab,FinLeverage,NumOfEmployees,GrossProfit,OperatingMargin,StockNow,TargetStock1Year,TargetStock2Year,TargetStock3Year,TargetStock1YGrowth,TargetStock2YGrowth,TargetStock3YGrowth
12/31/1988 00:00:00,,,34.515829,4.618138,,,7.7531,3.873272,1.174467,,,26.93698,17.771287,19.183879,,529,,3.873272,,,,,,,
12/31/1989 00:00:00,,,47.774018,6.515824,49.773895,,13.292029,9.701246,1.077205,21.41558,61.948867,33.914265,19.531767,20.622235,2.892701,705,,9.701246,,,,,,,
12/31/1990 00:00:00,0.495459,,64.544475,7.719103,37.455667,,19.738032,11.280007,1.626326,19.527941,46.765553,45.142746,23.778388,25.404714,2.394802,869,,11.280007,,,,,,,
12/31/1991 00:00:00,,,73.488354,8.151906,25.859633,,26.355081,8.485465,2.235512,16.649152,35.389966,52.783034,24.19244,26.427952,2.125632,972,,8.485465,,,,,,,
12/31/1992 00:00:00,1.685934,,76.562029,8.43287,20.551033,,32.596954,1.860183,3.204173,15.874009,28.623248,53.464482,17.663353,20.867526,1.803152,952,,1.860183,,,,,,,
12/31/1993 00:00:00,2.052269,,89.047756,8.25923,16.039238,,38.489262,4.608381,3.840191,13.219302,23.249086,71.492643,29.117304,33.003382,1.758723,1250,,4.608381,,,,,,,
12/31/1994 00:00:00,,,114.488756,10.73607,18.299449,,46.832185,2.986629,3.972212,13.946369,25.179172,82.469587,31.522949,35.637396,1.805429,1603,,2.986629,,,,,,,
12/31/1995 00:00:00,,,155.870737,15.464429,22.086189,,59.832427,5.44426,7.980859,15.050166,29.010501,123.035503,54.80893,63.203078,1.927587,2366,,5.44426,,,,,,,
12/31/1996 00:00:00,,,210.457543,19.124576,21.927933,,75.666087,30.04633,7.671235,12.827955,28.241812,175.134797,91.234028,99.468714,2.201583,3219,,30.04633,,,,,,,
12/31/1997 00:00:00,,,291.309788,26.251416,24.183821,,98.274583,36.282713,18.140519,12.750897,30.20673,236.623132,119.546101,138.348554,2.368989,4369,,36.282713,,,,,,,
12/31/1998 00:00:00,,,437.130771,40.995219,29.26046,80.648884,136.21213,19.006582,51.146492,14.605148,35.007184,324.757273,136.456656,188.54513,2.396907,6118,,19.006582,,,,,,,
12/31/1999 00:00:00,,,614.924011,57.011002,30.919337,111.601001,189.316999,36.43,93.353996,14.023435,35.057821,488.325012,204.681,299.007996,2.499945,8665,,36.43,,,,,,,
12/31/2000 00:00:00,,,900.223999,84.146004,33.013331,164.514996,262.522993,41.282001,461.213013,10.642354,37.269273,1093.016968,353.428009,830.494021,3.501977,12823,,41.282001,,,,,,,
12/31/2001 00:00:00,,,1278.608032,120.836998,31.903555,231.131995,380.46399,69.920998,469.550995,9.711087,37.613226,1395.623047,529.054016,1015.159012,3.873225,16651,,69.920998,41.9663,3.7902,9.113,6.9661,False,False,False
12/31/2002 00:00:00,,,1372.862061,-109.344002,,83.043999,250.503998,163.328995,483.470001,-7.726143,-34.682489,1434.870972,637.656982,1184.366985,4.488979,16651,,163.328995,3.7902,9.113,6.9661,8.4449,True,True,True
12/31/2003 00:00:00,,,1337.760986,-92.042,,29.458,303.581003,160.686005,449.631989,-6.539603,-33.232418,1380.040039,523.646973,1076.458961,5.081718,16857,,160.686005,9.113,6.9661,8.4449,6.1555,False,False,False
12/31/2004 00:00:00,,,1395.633057,16.906,5.425894,61.534001,319.716993,508.553009,268.476013,1.150088,5.425894,1559.909058,913.111023,1240.192036,4.717808,16446,1395.633057,508.553009,6.9661,8.4449,6.1555,3.7058,True,False,False
12/31/2005 00:00:00,,,1434.473022,0.231,0.069283,112.289,347.547992,202.996994,297.05899,0.015933,0.069283,1339.650024,646.726013,992.102005,4.34826,16152,1434.473022,202.996994,8.4449,6.1555,3.7058,2.4491,False,False,False
12/31/2006 00:00:00,,,1495.35,3.787,1.037483,73.59,382.925,219.256,286.833,0.278885,1.037483,1376.166,655.917,993.241,3.720113,17057,,219.256,6.1555,3.7058,2.4491,3.3523,False,False,False
12/31/2007 00:00:00,,,1591.355957,21.594,5.535568,102.188004,397.482991,272.850006,264.244995,1.54893,5.535568,1412.081055,691.296021,1014.598015,3.573801,17502,,272.850006,3.7058,2.4491,3.3523,2.9291,False,False,False
12/31/2008 00:00:00,,,1650.082031,11.438,2.539427,143.062996,503.684017,414.856995,22.865999,0.814692,2.539427,1395.849976,811.463013,892.166014,3.117038,18522,,414.856995,2.4491,3.3523,2.9291,2.5212,True,False,False
12/31/2009 00:00:00,1.4,,1403.734,-74.753,,-13.233,459.413,217.105,210.761,-5.503701,-15.54813,1320.613,583.553,861.2,2.825032,17149,,217.105,3.3523,2.9291,2.5212,5.1774,False,False,True
12/31/2010 00:00:00,1.1,0.36,1324.444,-25.999,,50.992,446.652,241.261,177.202,-1.986815,-5.757449,1296.541,607.004,849.889,2.897829,16414,,241.261,2.9291,2.5212,5.1774,5.7393,False,True,True
12/31/2011 00:00:00,0.6,0.629491,1419.501,-45.499,-10.708343,75.97,406.507,240.167,141.774,-3.670568,-10.708343,1182.585,589.696,776.078,2.917353,17261,,240.167,2.5212,5.1774,5.7393,7.0701,True,True,True
12/31/2012 00:00:00,0.4,0.5,1455.859,64.88,14.845136,120.249,469.641,227.266,119.34,5.360373,14.845136,1238.142,588.519,768.501,2.769422,17871,,227.266,5.1774,5.7393,7.0701,11.1112,True,True,True
12/31/2013 00:00:00,0.3,0.5,1632.778,65.798,11.718338,118.274,653.877,95.218,258.06,4.881729,11.718338,1457.542,480.629,803.665,2.400448,20427,,95.218,5.7393,7.0701,11.1112,12.4978,True,True,True
12/31/2014 00:00:00,0.1,0.6,1756.263,82.397,8.289297,143.706,711.739,144.715,342.176,5.071382,12.070062,1791.947,635.42,1080.208,2.380034,22709,,144.715,7.0701,11.1112,12.4978,12.5068,True,True,True
12/31/2015 00:00:00,0.002,0.4,1945.078,100.493,9.04791,173.499,794.386,363.665,304.617,5.088882,13.349948,2157.565,913.611,1363.179,2.623356,25935,,363.665,11.1112,12.4978,12.5068,,True,False,
12/31/2016 00:00:00,0.0048,,2120.095,122.483,9.880905,215.322,862.339,430.057,268.688,5.552022,14.798853,2254.629,1009.701,1392.29,2.665489,29106,,430.057,12.4978,12.5068,,,False,,
12/31/2017 00:00:00,,,2282.2,130.8,,,,,,,,,,,,,,,12.5068,,,,,,
12/31/2017 00:00:00,,0.4,2282.2,130.8,,,859.286,530.294,249.265,5.67341983424249,15.2589158496906,2338.689,1136.079,1479.403,2.674145371918,30821,,530.294,12.5068,,,,,,
