Date,Rdexpense,Ceo,Revenue,NetIncome,SustGrowthRate,Ebitda,TotalEquity,ShortTermDebt,LongTermDebt,ReturnOfAssets,ReturnOfEquity,TotalAssets,TotalCurrentLiab,TotalLiab,FinLeverage,NumOfEmployees,GrossProfit,OperatingMargin,StockNow,TargetStock1Year,TargetStock2Year,TargetStock3Year,TargetStock1YGrowth,TargetStock2YGrowth,TargetStock3YGrowth
12/31/1988 00:00:00,,,72.688898,51.573315,,30.418549,147.739572,9.513183,15.491294,,,187.961882,24.731016,40.22231,,962,38.061483,9.513183,,,,,,,
12/31/1989 00:00:00,,,80.663061,35.618523,19.797298,27.984575,162.956031,6.764438,15.436462,19.199463,25.89034,197.545767,19.153275,34.589738,1.354729,963,34.395383,6.764438,,,,,,,
12/31/1990 00:00:00,,,101.574947,40.827904,17.439995,36.52468,225.184679,5.94826,20.13376,17.382046,23.251965,271.116762,25.798309,45.93207,1.343579,1159,42.91788,5.94826,,,,,,,
12/31/1991 00:00:00,,,101.022333,26.792202,8.644148,19.706238,263.92771,2.383272,14.926315,10.071966,13.899938,299.725412,20.871399,35.797715,1.389236,1254,31.654182,2.383272,,,,,,,
12/31/1992 00:00:00,,,127.367346,31.896578,9.682074,28.567948,230.819511,47.751438,6.983042,10.041778,14.522303,301.399121,63.596582,70.579624,1.454239,1377,37.962274,47.751438,,,,,,,
12/31/1993 00:00:00,,,133.970009,33.483862,10.545915,18.624524,277.131716,4.74573,25.89762,10.503164,15.0152,331.935155,28.905809,54.803429,1.436035,1315,36.279559,4.74573,,,,,,,
12/31/1994 00:00:00,,,138.857675,51.496885,14.0195,26.054973,382.124161,25.506239,63.3744,12.420064,18.417775,495.10271,49.604161,112.978561,1.487332,1656,45.826095,25.506239,,,,,,,
12/31/1995 00:00:00,,,281.485095,89.828952,20.409963,110.668,434.042967,30.682079,66.787758,16.327117,25.038572,589.777769,88.947042,155.7348,1.536257,1934,139.084903,30.682079,,,,,,,
12/31/1996 00:00:00,,,281.79233,48.735705,8.05002,72.478739,492.291113,53.688889,87.4803,8.056811,12.153185,675.65666,95.885273,183.365573,1.513286,1968,100.595482,53.688889,,,,,,,
12/31/1997 00:00:00,,,250.444415,230.939895,33.281248,59.333036,939.195221,9.888,65.425601,26.958766,36.666664,1073.50724,68.886399,134.312,1.361068,1863,95.883495,9.888,,,,,,,
12/31/1998 00:00:00,,,184.670429,56.031062,3.786104,34.646426,1021.920105,3.319,510.956748,4.085333,6.576893,1664.97633,122.637053,643.05295,1.614657,1743,62.661963,3.319,,,,,,,
12/31/1999 00:00:00,,,145.272682,15.692037,-1.169039,33.648905,1098.071976,64.801597,1010,0.802283,1.810125,2286.316879,160.953597,1188.244797,2.279721,1935,50.149817,64.801597,,,,,,,
12/31/2000 00:00:00,,,765.918961,137.453202,6.888196,351.740772,1210.643872,92.161291,1003.467642,5.828674,15.680166,2535.406416,245.564271,1324.762505,2.693146,2130,347.345893,92.161291,,,,,,,
12/31/2001 00:00:00,,,769.568648,61.934218,-0.178587,281.872702,1210.330664,104.7024,957.445315,2.519113,6.964851,2496.1343,233.689936,1285.803668,2.771248,2372,263.004342,104.7024,,,,,,,
12/31/2002 00:00:00,4.208911,,863.089721,96.798938,4.537979,342.594807,1274.701118,124.000452,841.299387,3.971483,10.589166,2458.299481,247.000779,1183.599893,2.671819,2348,304.896471,124.000452,,,,,,,
12/31/2003 00:00:00,5.724015,,977.959344,180.692424,12.502693,527.876799,1249.070162,166.70866,690.839241,7.684218,20.239784,2406.234598,308.916985,1157.16446,2.636853,2458,487.779251,166.70866,,,,,,,
12/31/2004 00:00:00,10.3,,1942.1,579.5,36.052673,1353.4,2070,104.7,498.1,20.675625,49.30971,3199.4,404.5,1129.4,2.38492,2842,1348.7,104.7,,,,,,,
12/31/2005 00:00:00,22.4,,2445.3,725.8,29.020301,1660.8,2763,97.2,368.1,20.799541,41.389142,3779.6,389.1,1016.6,1.989906,3086,1759.7,97.2,,,,,,,
12/31/2006 00:00:00,21.5,,3870,1354.3,33.832358,2965,3948.1,97.6,261.1,30.555242,52.120536,5085,513.9,1136.9,1.70578,3139,3064.9,97.6,,,,,,,
12/31/2007 00:00:00,38.1,,3826.7,1382.1,24.73927,2784.2,4906.5,101.8,164.2,25.265756,38.284788,5855.5,366.6,949,1.515284,3323,2860.2,101.8,,,,,,,
12/31/2008 00:00:00,54.9,,3372.6,1706.5,25.79781,1776.4,6432.6,319,119.9,24.71326,36.573866,7954.9,974.7,1522.3,1.479929,4005,1875.8,319,,,,,,,
12/31/2009 00:00:00,0,,2962.6,667.7,8.241265,1676.5,6617.4,431.8,1194.8,7.645974,12.591699,9510.5,995.6,2893.1,1.64684,4218,1795.8,431.8,,,,,,,
12/31/2010 00:00:00,0,,4577.1,1051.8,-1.595137,2871.5,7525.8,137.6,2058.9,9.970472,18.277552,11587.8,930.7,4062,1.833168,4597,3101.5,137.6,,,,,,,
12/31/2011 00:00:00,0,,6076,1236.6,12.983521,3505.1,7807.4,301.9,1838.4,10.617782,19.998706,11705.2,985.3,3897.8,1.883511,4956,3936.1,301.9,,,,,,,
12/31/2012 00:00:00,0,,6740.1,1037.2,0.993945,3367.7,8804.8,447,1442.2,8.44316,15.589022,12863.8,1295.1,4059,1.846349,5637,4275.6,447,,,,,,,
12/31/2013 00:00:00,0,,5971.6,659.6,-4.003785,2689.8,8663.6,341,1032.9,5.223851,9.535168,12389.6,1130.6,3726,1.825314,6098,3112.1,341,,,,,,,
12/31/2014 00:00:00,0,0.688,5145.6,459.8,3.551335,2189.6,8034.7,284.5,2091.6,3.648526,7.129677,12815.1,1163.4,4780.4,1.954125,6609,2276.3,284.5,,,,,,,
12/31/2015 00:00:00,0,2.445,3225.7,608.2,,865.1,8519.3,758.9,1996.2,4.615496,9.488448,13539.6,1438.6,5020.3,2.055781,5950,876.7,758.9,469.3,675,1005,,True,True,
12/31/2016 00:00:00,0,2.267,3621.7,158,-1.213929,1045.4,8509.7,836.7,2283.4,1.159063,2.347453,13723.8,1554,5214.1,2.025302,5427,1534.7,836.7,675,1005,,,True,,
12/31/2017 00:00:00,0,,4749.4,750.6,3.51593,2422.2,9141.6,753.6,1955.1,5.374192,10.621423,14209.7,1562.1,5068.1,1.976376,,2393,753.6,1005,,,,,,
12/31/2017 00:00:00,0,2.267,4749.4,750.6,1.37143158666514,2422.2,9141.6,753.6,1955.1,5.37419227808903,10.6214225574337,14209.7,1562.1,5068.1,1.95762254713082,,2393.00001220703,753.6,1005,,,,,,
