Date,Rdexpense,Ceo,Revenue,NetIncome,SustGrowthRate,Ebitda,TotalEquity,ShortTermDebt,LongTermDebt,ReturnOfAssets,ReturnOfEquity,TotalAssets,TotalCurrentLiab,TotalLiab,FinLeverage,NumOfEmployees,GrossProfit,OperatingMargin,StockNow,TargetStock1Year,TargetStock2Year,TargetStock3Year,TargetStock1YGrowth,TargetStock2YGrowth,TargetStock3YGrowth
12/31/1988 00:00:00,,,2376.714387,236.161696,,,1471.554097,4146.106043,578.480161,,,20027.033524,,18555.479427,,,,4146.106043,,,,,,,
12/31/1989 00:00:00,,,3194.379335,280.185833,12.590113,,1749.714519,5356.466289,627.426586,1.18718,19.209873,27174.870482,,25425.155963,16.181093,,,5356.466289,,,,,,,
12/31/1990 00:00:00,,,4176.433113,337.792843,11.052201,,2164.250598,6287.926869,1063.929658,1.139125,19.138489,32132.529179,,29968.278581,16.801037,18408,,6287.926869,,,,,,,
12/31/1991 00:00:00,,,4635.161612,331.061508,8.765917,,2306.486123,8200.804154,1303.042323,0.989047,16.992004,34813.001094,,32506.514971,17.180172,19417,,8200.804154,,,,,,,
12/31/1992 00:00:00,,,4772.763333,355.733054,9.127053,,2752.21473,14339.079009,1267.11382,0.922216,17.367104,42334.433185,,39582.218456,18.831923,20357,,14339.079009,,,,,,,
12/31/1993 00:00:00,,,6515.259697,398.957845,9.057617,,3308.499513,28284.212614,2473.849963,0.76023,17.867866,62622.738692,,59314.239179,23.503244,20661,,28284.212614,,,,,,,
12/31/1994 00:00:00,,,7096.270119,418.520789,7.213374,,5190.250382,31758.477276,5854.693304,0.547455,14.706792,90274.241823,,85083.991442,26.863948,39400,,31758.477276,,,,,,,
12/31/1995 00:00:00,,,9910.166721,453.127066,5.303218,,5452.730398,28495.600591,6261.380164,0.479494,13.034845,98728.138185,,93275.401777,27.184612,42023,,28495.600591,,,,,,,
12/31/1996 00:00:00,,,11567.836236,514.454341,5.683063,,6381.34218,41618.609739,7325.754571,0.474787,13.480541,117981.500847,,111600.164677,28.392833,45847,,41618.609739,,,,,,,
12/31/1997 00:00:00,,,13278.238554,664.85762,6.968855,,8856.562451,44113.561237,9668.601926,0.48545,14.777841,155932.710685,,147076.160254,30.44156,62285,,44113.561237,,,,,,,
12/31/1998 00:00:00,,,22345.185292,1249.876793,11.589283,,15669.545515,71415.022899,16290.781676,0.638316,16.007895,235684.492686,,220014.971212,25.078339,73964,,71415.022899,,,,,,,
12/31/1999 00:00:00,,,24159.676896,1575.108483,7.053802,,16668.674047,76112.593608,19323.056026,0.640174,15.000372,256402.774272,,239734.064164,23.431694,95442,,76112.593608,,,,,,,
12/31/2000 00:00:00,,,35249.410156,2258.14209,6.528048,,29159.222656,102176.898438,10729.94043,0.746154,14.495673,348871.90625,,319712.65332,19.427174,128558,,102176.898438,,,,,,,
12/31/2001 00:00:00,,,35003.429688,2486.301025,5.40421,,30258.945313,95538.882812,12995.990234,0.70335,11.614834,358116.1875,,327857.108397,16.513587,114927,,95538.882812,,,,,,,
12/31/2002 00:00:00,,,28816,2247.169922,3.984463,,29980.200196,82109.828125,12450.230469,0.658681,9.785514,324208.085,,294213.142579,14.856228,104178,,82109.828125,,,,,,,
12/31/2003 00:00:00,,,23819.070312,2610.821045,4.758844,,30490.61963,94583.40625,36659.191406,0.772445,10.657589,351780.40625,,321289.750001,13.797207,103038,,94583.40625,,,,,,,
12/31/2004 00:00:00,,,26038.107,3605.87,5.121146,,36500.258,109284.718,120397.618,0.709631,12.127493,664486.3,,627986.042,17.089866,127427,,109284.718,,,,,,,
12/31/2005 00:00:00,,,44824.395,6220.104,9.76029,,42626.699,180253.368,147281.688,0.844209,16.767266,809106.914,,766480.215,19.861509,129196,,180253.368,,,,,,,
12/31/2006 00:00:00,,,49316.755,7595.947,8.533372,,47072.302,73345.224,218248.847,0.924655,17.950949,833872.715,,786800.413,19.413671,128339,,73345.224,,,,,,,
12/31/2007 00:00:00,,9.604,59339.39,9060.258,5.944284,,57558.151,77434.333,258997.466,1.037362,18.111199,912914.971,,855356.82,17.458896,,,77434.333,,,,,,,
12/31/2008 00:00:00,,9.295,69561.519,8876.414,6.889021,,60001.492,129877.37,275276.54,0.904581,15.740169,1049631.55,,989630.058,17.400503,139688,,129877.37,6.639,11.3601,7.7976,5.7735,True,False,False
12/31/2009 00:00:00,,10.237,68809.36,8942.538,6.463607,,73870.642,142064.587,248767.774,0.827951,14.166007,1110529.458,,1036658.816,17.109716,163080,,142064.587,11.3601,7.7976,5.7735,5.9997,False,False,False
12/31/2010 00:00:00,,9.179,75387.594,8180.909,4.451832,,80914.458,140112.185,223346.859,0.702818,11.387289,1217500.683,,1136586.225,16.202327,178869,,140112.185,7.7976,5.7735,5.9997,6.399,False,False,False
12/31/2011 00:00:00,,11.604,82796,5330,0.073797,,80814,91822,220364,0.43184,7.131468,1251009,,1170195,16.514163,193349,,91822,5.7735,5.9997,6.399,6.881,False,False,False
12/31/2012 00:00:00,,8.237,80999,2295,-5.502721,,81275,102224,224207,0.182099,3.13696,1269600,,1188325,17.226688,186763,,102224,5.9997,6.399,6.881,4.483,False,False,False
12/31/2013 00:00:00,,6.24,72976,4175,-3.658126,,79642,109397,191616,0.350052,5.872507,1115763,,1036121,16.77612,186540,,109397,6.399,6.881,4.483,4.8775,False,False,False
12/31/2014 00:00:00,,6.46,75046,5816,-2.251056,,89714,155369,214021,0.488317,7.696532,1266296,,1176582,15.761343,185405,,155369,6.881,4.483,4.8775,5.479,False,False,False
12/31/2015 00:00:00,,5.426,74920,5966,3.647252,,98753,175373,226160,0.457769,7.066836,1340260,,1241507,15.437567,193863,,175373,4.483,4.8775,5.479,,False,True,
12/31/2016 00:00:00,,6.006,72578,6204,3.51072,,102699,149398,228869,0.463091,6.932696,1339125,,1236426,14.970471,188492,,149398,4.8775,5.479,,,True,,
12/31/2017 00:00:00,,6.436,74326,6619,2.89494,,106833,232902,163823,0.4756,6.713154,1444305,,1337472,15.010921,202251,,232902,5.479,,,,,,
12/31/2017 00:00:00,,6.436,47900,6619,,,106833,232902,163823,0.47560024861412,7.13919763572727,1444305,,1337472,15.2967608422756,202251,,232902,5.479,,,,,,
