Date,Rdexpense,Ceo,Revenue,NetIncome,SustGrowthRate,Ebitda,TotalEquity,ShortTermDebt,LongTermDebt,ReturnOfAssets,ReturnOfEquity,TotalAssets,TotalCurrentLiab,TotalLiab,FinLeverage,NumOfEmployees,GrossProfit,OperatingMargin,StockNow,TargetStock1Year,TargetStock2Year,TargetStock3Year,TargetStock1YGrowth,TargetStock2YGrowth,TargetStock3YGrowth
12/31/1989 00:00:00,,,11.207899,2.545899,,,7.337829,0,4.222533,,,17.99371,5.609209,10.655881,,128,,0,,,,,,,
12/31/1990 00:00:00,,,19.968993,22.778169,8.671868,,403.726311,11.642989,0.680227,10.185894,12.044463,429.255566,23.434158,25.529265,1.182465,255,,11.642989,,,,,,,
12/31/1991 00:00:00,,,4257.527968,0.032014,-1.204849,,893.380639,,1405.768565,0.001529,0.008694,3759.044097,1234.139556,2865.663472,5.68693,,,,,,,,,,
12/31/1992 00:00:00,,,3938.888382,3.540019,1.02574,,714.56343,460.635387,922.951213,0.098744,1.02574,3411.04289,1559.155501,2696.479453,10.387865,24128,,460.635387,,,,,,,
12/31/1993 00:00:00,,,3782.040377,-22.95425,,255.051784,739.845739,443.995704,763.982395,-0.688598,-7.314893,3255.913212,1569.814426,2516.067449,10.622885,24194,,443.995704,,,,,,,
12/31/1994 00:00:00,,,3518.594183,10.125968,3.143307,235.826896,796.70678,357.142007,378.462315,0.344201,3.143307,2627.838744,1286.222631,1831.13214,9.132182,21576,,357.142007,,,,,,,
12/31/1995 00:00:00,,,3328.916937,-39.548629,,217.294729,738.366224,267.672728,301.852255,-1.55607,-12.385886,2455.30308,1271.158911,1716.936763,7.959722,21406,,267.672728,,,,,,,
12/31/1996 00:00:00,,,3395.359697,-13.286237,,198.374433,591.210074,238.292143,407.119678,-0.533272,-4.566063,2527.610661,1294.49701,1936.40068,8.562356,21142,,238.292143,,,,,,,
12/31/1997 00:00:00,,,4353.51249,87.144432,26.264722,329.261675,950.231481,198.445316,218.848957,2.817204,26.473031,3658.979183,2194.896934,2708.747859,9.396916,30343,,198.445316,,,,,,,
12/31/1998 00:00:00,,,4269.748007,98.485415,22.657576,274.812681,1100.430071,148.502417,966.972653,2.512543,23.517236,4180.522456,1802.898701,3080.092748,9.359935,27369,,148.502417,,,,,,,
12/31/1999 00:00:00,,,4140.103027,77.560997,14.585629,209.824005,1168.753998,450.468994,697.461975,1.887152,15.301575,4039.381104,1867.828003,2870.626984,8.108288,27426,,450.468994,,,,,,,
12/31/2000 00:00:00,,,5119.041016,40.916,6.266135,300.772995,1207.427018,497.364014,438.316986,0.958119,7.053626,4501.522949,2370.727051,3294.096039,7.361954,29970,,497.364014,,,,,,,
12/31/2001 00:00:00,,,5139.019043,154.292999,21.615577,178.333,1403.871033,277.48999,386.247009,3.42085,22.449883,4519.216797,2299.512939,3115.345947,6.562662,29481,,277.48999,0.5245,0.4494,0.469,0.5955,False,False,False
12/31/2002 00:00:00,,,5472.058105,59.997002,6.977235,279.390999,1346.092957,773.664978,242.654007,1.338734,7.717083,4444.027832,2467.740967,3097.934983,5.764463,33631,,773.664978,0.4494,0.469,0.5955,1.088,False,True,True
12/31/2003 00:00:00,,,5392.161133,83.309998,9.75758,305.587998,1119.565979,440.132996,656.202026,1.924949,10.481374,4211.78418,2056.986084,3092.218109,5.445013,34411,,440.132996,0.469,0.5955,1.088,1.633,True,True,True
12/31/2004 00:00:00,23,,4980.619,41.766,3.828969,205.393,1302.287,438.074,1056.575,0.916776,4.588039,4899.706,2004.375,3597.419,5.004534,31886,,438.074,0.5955,1.088,1.633,1.3781,True,True,True
12/31/2005 00:00:00,23.5,,5445.082,274.91,15.134523,238.911,3015.673,923.243,1183.635,4.390692,15.605217,7622.694,3059.24,4607.021,3.554159,31041,,923.243,1.088,1.633,1.3781,0.85,True,True,False
12/31/2006 00:00:00,29.5,,5980.493,583.325,18.865783,236.58,3893.51,707.983,1121.398,7.595297,19.138094,7737.47,2390.982,3843.96,2.51973,30643,,707.983,1.633,1.3781,0.85,1.1495,False,False,False
12/31/2007 00:00:00,,,6399.384,321.605,8.483742,281.245,3515.413,583.945,1186.608,4.232656,9.371686,7458.897,2440.314,3943.484,2.214138,32232,,583.945,1.3781,0.85,1.1495,1.5895,False,False,False
12/31/2008 00:00:00,,2.04363,7215.716,50.344,1.104341,387.357,2470.059,752.26,1087.928,0.72526,1.809453,6424.125,2571.297,3954.066,2.494902,33895,,752.26,0.85,1.1495,1.5895,1.515,True,True,True
12/31/2009 00:00:00,69.1,1.615226,6011.063,94.465,2.70277,384.506,3075.902,679.128,1113.599,1.406642,3.676044,7007.15,2487.678,3931.248,2.613346,33010,,679.128,1.1495,1.5895,1.515,2.576,True,True,True
12/31/2010 00:00:00,68.8,1.892585,7010.251,316.851,7.680424,418.628,4035.402,820.153,1284.264,4.084937,9.631041,8505.992,2862.962,4470.59,2.357697,34421,,820.153,1.5895,1.515,2.576,4.2665,False,True,True
12/31/2011 00:00:00,48.2,1.768071,8490.532,320.675,6.604781,494.845,4112.619,722.828,1755.135,3.638933,8.515518,9118.679,2911.679,5006.06,2.340114,37886,,722.828,1.515,2.576,4.2665,3.77,True,True,True
12/31/2012 00:00:00,131.6,1.784596,10109.376,669.017,12.257493,730.895,7264.66,955.625,2094.263,5.335074,13.845605,15961.274,5906.63,8696.614,2.595204,55555,,955.625,2.576,4.2665,3.77,4.297,True,True,True
12/31/2013 00:00:00,80.9,2.100171,10848.489,270.148,2.825044,954.295,9315.518,1218.265,2155.13,1.567888,3.967853,18498.849,6214.019,9183.331,2.5307,53608,,1218.265,4.2665,3.77,4.297,3.35,False,False,False
12/31/2014 00:00:00,112.5,2.818138,10603.8,216.5,0.765983,997,9707.3,1533.9,1623.2,1.156667,2.740513,18936.3,6802.1,9229,2.369319,54760,,1533.9,3.77,4.297,3.35,4.528,True,False,False
12/31/2015 00:00:00,172.7,2.910138,10824,564.2,4.349539,1127.6,11284.7,1581.7,4245.4,2.652799,6.269516,23599.9,7185.9,12315.2,2.363359,58312,,1581.7,4.297,3.35,4.528,,False,False,
12/31/2016 00:00:00,185.4,2.510138,10075.6,440,2.823539,997.8,10280.7,1223.4,4393.3,1.910838,4.665391,22453.2,6876.8,12172.5,2.441542,58023,,1223.4,3.35,4.528,,,True,,
12/31/2017 00:00:00,,,18325,699,5.400853,1796,31858,1033,6982,1.774152,7.196022,56345,12753,24487,4.056034,,,1033,4.528,,,,,,
12/31/2017 00:00:00,,2.510138,18325,,,,,,,,,,,,,,,,4.528,,,,,,
