Date,Rdexpense,Ceo,Revenue,NetIncome,SustGrowthRate,Ebitda,TotalEquity,ShortTermDebt,LongTermDebt,ReturnOfAssets,ReturnOfEquity,TotalAssets,TotalCurrentLiab,TotalLiab,FinLeverage,NumOfEmployees,GrossProfit,OperatingMargin,StockNow,TargetStock1Year,TargetStock2Year,TargetStock3Year,TargetStock1YGrowth,TargetStock2YGrowth,TargetStock3YGrowth
12/31/1988 00:00:00,,,104.644973,58.568779,,29.333783,2059.457259,11.621189,8.670538,,,2131.000697,34.923172,71.543408,,704,,11.621189,,,,,,,
12/31/1989 00:00:00,,,3104.01444,138.576157,12.627681,984.668202,6978.658662,401.855609,974.911465,2.346459,12.627681,9680.512595,1424.483617,2701.853932,6.086673,13973,,401.855609,,,,,,,
12/31/1990 00:00:00,,,3134.504243,122.416561,9.317624,988.479428,7294.990373,1272.339498,1746.455941,1.146913,9.317624,11666.618391,2359.300991,4371.628018,9.010231,14990,2052.116221,1272.339498,,,,,,,
12/31/1991 00:00:00,,,3461.050038,137.509014,6.096464,1114.249867,7944.575635,1375.852381,1997.082126,1.12954,8.621678,12681.166601,2411.438555,4736.590966,7.63291,15357,2262.190967,1375.852381,,,,,,,
12/31/1992 00:00:00,15.5498,,3414.553088,122.416561,4.14184,967.136565,8043.667496,1246.270716,2217.370956,0.959654,6.17265,12831.481332,2207.156872,4787.813835,6.432162,16114,2228.499734,1246.270716,,,,,,,
12/31/1993 00:00:00,14.940004,,3753.9046,133.545339,4.41357,1121.719869,8465.646376,1147.636202,1874.665565,1.036386,6.520526,12939.872583,2184.13707,4474.226207,6.2916,16532,2368.600381,1147.636202,,,,,,,
12/31/1994 00:00:00,14.02531,,4398.916392,191.933313,4.237377,1461.528728,9631.881358,1330.270124,1603.763661,1.390123,7.480245,14673.980154,2774.114767,5042.098796,5.380993,19335,2834.637027,1330.270124,,,,,,,
12/31/1995 00:00:00,15.244902,,4694.819935,249.71149,5.239329,1329.35543,9749.571999,1294.139707,1337.587677,1.710919,8.271892,14516.34787,2744.997004,4766.775871,4.834764,20308,3091.056274,1294.139707,,,,,,,
12/31/1996 00:00:00,15.244902,,4932.183055,191.323517,3.050784,1298.255831,10073.831059,3153.255473,1256.332351,1.221197,6.219799,16817.413337,4863.580997,6743.582277,5.093198,21338,3236.797534,3153.255473,,,,,,,
12/31/1997 00:00:00,44.667562,,7513.449815,245.900265,4.35108,1770.847784,10677.376718,3565.172717,1913.997411,1.346877,7.684795,19696.717925,6132.261718,9019.341207,5.705639,34495,4698.936058,3565.172717,,,,,,,
12/31/1998 00:00:00,21.037964,,7130.650332,46.954297,-2.00689,1452.839134,10741.862653,4306.22739,1889.300671,0.230179,1.393318,21101.38317,7390.880805,10359.520517,6.053199,35851,4516.302136,4306.22739,,,,,,,
12/31/1999 00:00:00,26.068782,,8758.500938,263.584351,4.234496,1807.13065,10790.798787,6087.289258,3491.234944,1.133005,8.164711,25426.971585,10052.03085,14636.172798,7.206243,42240,5558.138719,6087.289258,,,,,,,
12/31/2000 00:00:00,21,,11867,251,3.925071,2891,10976.000004,6768,3845,0.956337,8.987674,27065,10965,16089,9.398023,52323,7554,6768,,,,,,,
12/31/2001 00:00:00,27,,12567,-95,,3061,11303,5390,5686,-0.344515,-3.621117,28085,9603,16782,10.510768,55179,7803,5390,31.0938,28.5724,42.7918,44.5915,False,True,True
12/31/2002 00:00:00,36,,13168,178,0.999965,2812,11897.999878,3978,4555,0.65627,6.141108,26161,8208,14263,9.357599,57541,8456,3978,28.5724,42.7918,44.5915,66.9096,True,True,True
12/31/2003 00:00:00,38,,12466,303,4.544363,2761,11924.999878,3338,4307,1.178667,9.502901,25253,7567,13328,8.062412,56815,8116,3338,42.7918,44.5915,66.9096,71.9434,False,True,True
12/31/2004 00:00:00,38,,13060,549,10.696657,2975,10065,2984,5092,2.010326,15.755489,29365,6687,19300,7.83728,61515,8527,2984,44.5915,66.9096,71.9434,80.0955,True,True,True
12/31/2005 00:00:00,38,,14556,618,9.917121,3462,11868,3376,4443,2.015524,15.051145,31959,7480,20091,7.467608,63683,9328,3376,66.9096,71.9434,80.0955,35.8603,False,False,False
12/31/2006 00:00:00,43,,16016,797,11.486085,3779,12974,2661,4188,2.462004,16.928632,32785,7088,19811,6.875956,66903,10271,2661,71.9434,80.0955,35.8603,63.9339,True,False,False
12/31/2007 00:00:00,46,4.121071,17245,880,11.378585,4207,13940,3678,3387,2.622208,17.046005,34334,8118,20394,6.50063,74834,11185,3678,80.0955,35.8603,63.9339,95.2415,False,False,False
12/31/2008 00:00:00,43,4.098456,17933,796,8.936168,4353,15171,2522,4615,2.279888,14.129759,35494,7461,20323,6.197568,80343,11628,2522,35.8603,63.9339,95.2415,81.619,True,True,True
12/31/2009 00:00:00,45,4.023732,17745,695,6.472486,4027,16121,2164,5163,1.942779,11.436564,36053,6665,19932,5.886704,80510,11323,2164,63.9339,95.2415,81.619,114.2631,True,True,True
12/31/2010 00:00:00,46,4.048094,21123,1261,12.566134,5009,19570,2578,4268,3.264725,18.056848,41197,7985,21627,5.530894,86818,13674,2578,95.2415,81.619,114.2631,122.3706,False,False,False
12/31/2011 00:00:00,63,4.531565,24628,1279,9.287033,6273,24942,3561,5263,2.768278,14.755422,51207,10256,26265,5.33018,101154,16259,3561,81.619,114.2631,122.3706,142.9,True,True,True
4/30/2013 00:00:00,70,3.835219,29881,1431,,7377,28000,3834,4700,,,55555,10420,27555,,108546,19556,3834,117.9159,131.9928,175,153.35,True,True,False
6/30/2014 00:00:00,73,0.741366,30867,1425,7.517223,7529,30337,6416,4390,2.44396,12.426964,61059,13036,30722,5.084765,117806,20309,6416,129.4536,175.1,144.8,250.35,True,False,True
6/30/2015 00:00:00,86,6.042675,35081,2378,16.184867,8137,26320,4425,6130,3.92769,21.382008,60030,12203,33710,5.443915,122736,22774,4425,175.1,144.8,250.35,,False,True,
12/31/2016 00:00:00,112,3.628473,39501,1764,13.667405,9431,30084,3854,5241,2.826606,15.955859,64784,13670,34700,5.644883,139838,25949,3854,199.25,304.55,,,True,,
12/31/2017 00:00:00,130,2.437249,43666,2240,10.861089,10666,32733,4553,7893,3.257092,18.196588,72762,15118,40029,5.586759,128637,28582,4553,304.55,,,,,,
