Date,Rdexpense,Ceo,Revenue,NetIncome,SustGrowthRate,Ebitda,TotalEquity,ShortTermDebt,LongTermDebt,ReturnOfAssets,ReturnOfEquity,TotalAssets,TotalCurrentLiab,TotalLiab,FinLeverage,NumOfEmployees,GrossProfit,OperatingMargin,StockNow,TargetStock1Year,TargetStock2Year,TargetStock3Year,TargetStock1YGrowth,TargetStock2YGrowth,TargetStock3YGrowth
9/30/1988 00:00:00,,,622.559021,53.987,,,298.685002,19.569,57.820999,,,536.088013,160.225006,237.403006,,1036,537.998024,19.569,,,,,,,
9/30/1989 00:00:00,0,,726.965027,64.053001,16.53458,,353.980989,26.811001,55.548,11.188659,19.53571,608.875,177.391998,254.893999,1.746028,1134,,26.811001,,,,,,,
9/30/1990 00:00:00,0,,817.396973,69.093002,14.649665,,424.390989,11.871,101.442001,10.46148,17.654568,712.028015,168.567001,287.637003,1.687578,1232,,11.871,,,,,,,
9/30/1991 00:00:00,0,,991.10199,75.834,13.577461,,488.207011,14.406,84.189003,9.795542,16.502118,836.309021,236.212006,348.102009,1.684656,1528,,14.406,,,,,,,
9/30/1992 00:00:00,0,,1121.879028,86.805,13.652959,230.376007,558.234009,55.598,78.471001,9.667784,16.532679,959.448975,292.117004,401.215006,1.71008,1633,,55.598,,,,,,,
9/30/1993 00:00:00,0,,1301.844971,105.042999,14.315306,258.798004,645.275024,62.879002,129.300003,10.236288,17.456121,1092.916016,283.561005,447.641006,1.705317,1734,,62.879002,,,,,,,
9/30/1994 00:00:00,0,,1449.237061,129.662003,18.085363,283.525993,573.75499,326.160004,129.246002,10.182594,21.27298,1453.822021,593.593994,880.067001,2.089151,1996,,326.160004,,,,,,,
9/30/1995 00:00:00,,,1683.694946,150.453995,18.213503,336.010994,766.459,217.671997,217.925003,10.084082,22.452235,1530.167969,529.442017,763.709019,2.226503,2400,,217.671997,,,,,,,
9/30/1996 00:00:00,,,1974.525024,184.839005,17.97626,369.567993,894.998978,157.264008,113.377998,11.674373,22.250217,1636.409058,616.278992,741.40999,1.905903,2588,,157.264008,,,,,,,
9/30/1997 00:00:00,,,2398.547119,237.386719,19.544493,474.052986,1063.604988,65.127998,280.878998,13.622176,24.261905,1848.889038,471.684998,785.283997,1.781059,2888,,65.127998,,,,,,,
9/30/1998 00:00:00,,,2723.875977,264.790009,19.160808,573.130005,1155.001029,101.724998,157.466003,14.125822,23.933159,1900.131958,540.905029,745.131031,1.694284,3269,,101.724998,,,,,,,
9/30/1999 00:00:00,,,3065,306,19.269512,624,1402,72,366,13.98815,24.067228,2475,659,1073,1.720544,3745,,72,,,,,,,
9/30/2000 00:00:00,,,3603,305,16.102281,762,1512,123,386,11.897796,21.078093,2652,693,1140,1.771596,3771,,123,,,,,,,
9/30/2001 00:00:00,,,4069,413,25.707547,930,1053,1157,238,14.035684,32.468553,3233,1895,2180,2.313286,4203,,1157,,,,,,,
9/30/2002 00:00:00,173,,5624,770,54.724733,1206,1391,179,1612,20.292529,63.270337,4356,1295,2965,3.117913,5515,,179,,,,,,,
9/30/2003 00:00:00,168,,5610,567,26.517384,1195,2016,257,1919,11.658271,33.411903,5371,1199,3355,2.86594,6032,3464,257,,,,,,,
9/30/2004 00:00:00,203,,6069,577,20.05047,1295,2362,187,1816,10.477574,26.473962,5643,1122,3281,2.526726,6084,3731,187,,,,,,,
9/30/2005 00:00:00,215,,6232,553,16.178987,1373,2514,72,1726,9.56913,22.715137,5915,1300,3401,2.373793,6159,3789,72,,,,,,,
9/30/2006 00:00:00,244,,6709,614,13.56198,1376,2805,277,2713,8.83644,23.100075,7982,1879,5177,2.614184,7220,4022,277,,,,,,,
9/30/2007 00:00:00,319,6.2,8042,837,-5.494135,1902,2400,725,2372,10.640732,32.179931,7750,2256,5350,3.024221,7274,4834,725,,,,,,,
9/30/2008 00:00:00,415,6.5,8463,715,19.539249,1691,2291,487,2783,9.090331,30.503413,7981,2170,5690,3.355589,7567,4998,487,,,,,,,
9/30/2009 00:00:00,389,7.7,8820,883,22.684825,1944,2850,233,2256,11.076267,34.357977,7963,1987,5113,3.101946,7139,5103,233,,,,,,,
9/30/2010 00:00:00,409,8.9,9537,1243,26.055221,2584,3452,172,1551,15.800178,39.447794,7771,2058,4319,2.496668,7284,5844,172,,,,,,,
9/30/2011 00:00:00,415,7.4,10172,1819,31.12232,3108,4478,98,1996,21.413856,45.876419,9218,2087,4740,2.142371,7328,6568,98,,,,,,,
9/30/2012 00:00:00,342,8.1,11023,2194,25.722433,3756,6042,1296,0,22.625554,41.711027,10176,3708,4134,1.843536,7875,7345,1296,,,,,,,
9/30/2013 00:00:00,205,8.8,11635,2711,9.46062,4160,6769,111,0,27.467072,42.323004,9564,2266,2795,1.540863,8412,7866,111,,,,,,,
9/30/2014 00:00:00,390,10.2,12428,2390,-0.50567,3573,6283,92,0,23.96831,36.62274,10379,3529,4096,1.527965,9071,8538,92,,,,,,,
9/30/2015 00:00:00,347,11.8,13909,899,-31.759032,2020,4706,100,0,8.482733,16.361816,10817,4578,6111,1.928838,9706,9533,100,,,,,,,
9/30/2016 00:00:00,391,14.1,14681,3143,5.811336,4624,5068,222,0,28.803152,64.313485,11007,5309,5939,2.232863,10275,10032,222,514,511,,,False,,
9/30/2017 00:00:00,574,,15528,3797,11.143376,5635,5952,1358,98,32.935768,68.911071,12050,5425,6098,2.092287,10905,10571,1358,511,,,,,,
12/31/2017 00:00:00,594,14.1,15728,3791,,5633,4711,2895,0,30.2360823097783,84.952380952381,12193,6826,7482,2.2735627872081,11000,10657,2895,493.5,,,,,,
