Date,Rdexpense,Ceo,Revenue,NetIncome,SustGrowthRate,Ebitda,TotalEquity,ShortTermDebt,LongTermDebt,ReturnOfAssets,ReturnOfEquity,TotalAssets,TotalCurrentLiab,TotalLiab,FinLeverage,NumOfEmployees,GrossProfit,OperatingMargin,StockNow,TargetStock1Year,TargetStock2Year,TargetStock3Year,TargetStock1YGrowth,TargetStock2YGrowth,TargetStock3YGrowth
3/31/1988 00:00:00,,,533.856571,6.453462,,,72.259202,12.451543,152.191676,,,355.132336,129.477269,282.873137,,2868,,12.451543,,,,,,,
3/31/1989 00:00:00,,,595.974476,9.009343,8.613585,,76.797737,15.350955,149.734976,2.453458,12.221494,379.287769,151.428531,302.490035,4.981335,3180,,15.350955,,,,,,,
3/31/1990 00:00:00,,,678.079136,12.29661,11.074242,,84.620983,43.378416,110.822555,3.151684,15.388245,401.032122,201.926355,316.41114,4.882546,3428,,43.378416,,,,,,,
3/31/1991 00:00:00,,,801.536018,21.286592,18.338779,,100.628463,17.08217,102.535177,5.215008,23.172557,415.326767,202.40073,314.698301,4.443436,3954,,17.08217,,,,,,,
3/31/1992 00:00:00,,,929.13369,29.111872,21.731276,,114.417018,28.437479,73.346786,6.779078,27.266108,443.547363,243.84567,329.130364,4.022097,4527,,28.437479,,,,,,,
3/31/1993 00:00:00,,,1027.784758,36.141635,22.991383,,137.364742,15.710475,117.171159,7.485014,28.867484,522.159144,254.59367,384.794411,3.856704,4729,,15.710475,,,,,,,
3/31/1994 00:00:00,,,1144.331028,38.265019,19.711148,,166.115634,11.237088,110.731181,6.991796,25.323715,572.40997,280.031565,406.294342,3.621919,5092,,11.237088,,,,,,,
3/31/1995 00:00:00,,,1310.391414,42.751396,16.625827,,196.219307,15.80051,94.312556,7.217571,23.686333,612.237744,303.790174,416.018442,3.28176,5678,,15.80051,,,,,,,
3/31/1996 00:00:00,,,1473.801276,47.890699,15.381771,,227.382244,5.317514,95.693915,7.343275,22.687502,692.103954,343.311107,464.721721,3.089562,6831,,5.317514,,,,,,,
3/31/1997 00:00:00,,,1696.731245,53.607991,14.957267,147.284328,268.872456,5.179537,86.792928,7.283179,21.669651,780.000268,390.810388,511.127791,2.975301,7073,,5.179537,,,,,,,
3/31/1998 00:00:00,,,1891.390991,64.835631,15.308584,164.025741,309.999419,4.790964,78.18589,7.932124,22.458941,854.760598,430.401937,544.761169,2.83139,7611,,4.790964,,,,,,,
3/31/1999 00:00:00,,,2042.947476,74.878721,16.600737,165.330105,308.007705,21.765051,56.747784,8.288179,24.284393,952.119327,539.431174,644.11165,2.930003,8324,,21.765051,,,,,,,
3/31/2000 00:00:00,,,2255.994724,121.492616,29.161806,197.586015,346.845192,15.689182,43.4012,12.693323,37.85813,962.156594,523.883311,615.311403,2.982523,9283,,15.689182,,,,,,,
3/31/2001 00:00:00,,,2508.529053,98.705002,19.072888,208.481007,363.728003,15.456,47.605,9.731071,28.968707,1066.5,598.968994,702.771996,2.976929,10497,,15.456,,,,,,,
3/31/2002 00:00:00,,,2923.53354,124.04937,21.921959,234.55152,487.49311,17.85244,27.95504,10.724911,30.469483,1246.79426,663.68864,759.30115,2.841001,11410,620.8984,17.85244,,,,,,,
3/31/2003 00:00:00,,,3141.38301,134.36002,17.813087,278.89037,566.43718,3.30349,25.55025,10.242204,26.553411,1376.86012,713.49359,810.42294,2.592548,12402,691.8055,3.30349,11.08,18.08,23.96,24.72,True,True,True
3/31/2004 00:00:00,,,3855.145,296.198,33.888943,354.152,546.657,3.733,22.105,20.37528,55.594179,1530.565,912.5,983.908,2.728511,15185,827.874,3.733,18.08,23.96,24.72,34.262,True,True,True
3/31/2005 00:00:00,,,4437.8,229.3,21.174999,371.7,763.2,4,15.6,14.457915,35.854428,1641.4,791.3,878.2,2.479917,14201,1064.7,4,23.96,24.72,34.262,32.6,False,True,True
3/31/2006 00:00:00,,,4775.7,230.4,18.20917,412.1,771.3,3.3,13.4,13.723271,30.139316,1716.4,853.6,945.1,2.19622,14932,1124.5,3.3,24.72,34.262,32.6,34.536,True,True,True
3/31/2007 00:00:00,,,5208.6,262.6,18.447694,465.8,919.3,2.4,12,14.28183,31.093482,1961,937.7,1041.7,2.177136,15974,1298.3,2.4,34.262,32.6,34.536,36.45,False,False,False
3/31/2008 00:00:00,,,5673.8,288.2,17.957541,504.1,971.1,2.7,18.6,13.903563,30.515115,2184.7,1090.6,1213.6,2.194769,17617,1376,2.7,32.6,34.536,36.45,37.16,False,False,False
3/31/2009 00:00:00,0,,6309.6,306,17.211371,549,1098.8,3.6,19.1,13.460016,29.588087,2362.1,1136.4,1263.3,2.198221,19464,1546.8,3.6,34.536,36.45,37.16,30.14,False,False,False
3/31/2010 00:00:00,0,,6752.7,329.6,16.002043,599.9,1252.3,6.5,17.8,13.198518,28.054645,2632.4,1240.6,1380.1,2.125591,21149,1699.1,6.5,36.45,37.16,30.14,37.82,False,False,False
3/31/2011 00:00:00,0,,7280.1,338,14.089259,621.2,1488.8,6.3,16.6,11.965237,24.790055,3017.3,1376.4,1528.5,2.07184,22588,1832.6,6.3,37.16,30.14,37.82,40,False,False,False
3/31/2012 00:00:00,0,,7847.5,342.9,12.712418,681.4,1617.3,5,29.2,11.089371,22.411765,3167,1392.1,1549.7,2.021013,23555,2008.5,5,30.14,37.82,40,40.54,True,True,True
3/31/2013 00:00:00,0,,8311.6,353.7,11.67654,699.8,1792.9,3.1,29.1,10.701481,20.953791,3443.3,1496.7,1650.4,1.958027,24287,2106.3,3.1,37.82,40,40.54,51.2,False,False,True
3/31/2014 00:00:00,0,,8652,350,10.339962,686.8,1966.9,3.7,28.5,9.769578,18.635359,3721.8,1597.6,1754.9,1.907489,25497,2151,3.7,40,40.54,51.2,46.02,False,True,False
3/31/2015 00:00:00,0,,8916.8,330.4,9.75182,668.1,1800.7,5.1,33.1,8.950291,17.558591,3661.2,1674.5,1860.5,1.96179,26491,2219,5.1,40.54,51.2,46.02,44.92,True,False,False
3/31/2016 00:00:00,0,1.323787,9177.5,365.5,10.430438,720.3,2047.7,4.7,28.9,9.517733,19.023578,4019.2,1780.6,1971.5,1.998751,28047,2320.9,4.7,51.2,46.02,44.92,,False,False,
3/31/2017 00:00:00,0,,9493.5,381.9,10.047126,743.7,2140.2,11.6,16.2,9.41336,18.271416,4094.8,1700.6,1954.6,1.941009,27633,2414.5,11.6,46.02,44.92,,,False,,
9/30/2017 00:00:00,0,1.323787,9295.6,369.3,,724.7,2122.4,12.5,14,8.65722724928501,17.8933087843403,4241.6,1878.3,2119.2,1.95989185376749,27758,2361.90004882813,12.5,43.335,,,,,,
