Date,Rdexpense,Ceo,Revenue,NetIncome,SustGrowthRate,Ebitda,TotalEquity,ShortTermDebt,LongTermDebt,ReturnOfAssets,ReturnOfEquity,TotalAssets,TotalCurrentLiab,TotalLiab,FinLeverage,NumOfEmployees,GrossProfit,OperatingMargin,StockNow,TargetStock1Year,TargetStock2Year,TargetStock3Year,TargetStock1YGrowth,TargetStock2YGrowth,TargetStock3YGrowth
12/31/1990 00:00:00,,,1544.043353,84.336001,,180.475494,442.8529,132.59621,560.670619,,,1495.026379,444.941634,1052.173546,,11746,481.174778,132.59621,,,,,,,
12/31/1991 00:00:00,,,1454.936941,64.003689,8.809122,149.302146,478.97441,102.239306,569.419133,4.254273,14.020928,1513.887073,407.385318,1034.912744,3.298739,11222,435.468082,102.239306,,,,,,,
12/31/1992 00:00:00,,,1414.403126,59.23709,7.260366,133.234886,473.180593,117.638697,628.187686,3.820267,12.549004,1587.314886,437.883134,1114.134216,3.288092,10552,425.630169,117.638697,,,,,,,
12/31/1993 00:00:00,,,1812.113085,78.788516,7.964008,181.755384,739.575456,162.219202,733.935269,4.275048,13.089956,2098.656172,567.751943,1359.080643,3.064314,11751,539.56506,162.219202,,,,,,,
12/31/1994 00:00:00,,,2047.466601,117.991684,10.964492,223.124722,770.668792,396.283983,514.892741,5.431985,15.825332,2245.674079,903.758939,1475.005195,2.914866,13691,633.247612,396.283983,,,,,,,
12/31/1995 00:00:00,,,2425.917057,160.244758,14.614742,295.332197,881.052229,214.879048,574.870118,7.104061,19.718803,2265.682529,748.798815,1384.630329,2.776787,15331,759.64111,214.879048,,,,,,,
12/31/1996 00:00:00,,,3202.045698,195.731396,15.284633,374.066095,1069.598157,117.749161,1203.288866,7.218909,20.338947,3157.058965,777.852986,2087.460832,2.81835,19184,967.617759,117.749161,,,,,,,
12/31/1997 00:00:00,,,4079.640546,243.54466,15.771435,462.147849,1323.273994,131.741671,1512.120879,6.781432,20.596753,4025.632349,1014.937202,2702.358117,3.03802,22708,1236.187978,131.741671,,,,,,,
12/31/1998 00:00:00,,,5034.299805,305.700012,16.543339,590.399994,1839.299976,188.899994,1854.800049,6.513788,21.153323,5273.899902,1157.699951,3434.600006,3.248532,27303,1620.899902,188.899994,,,,,,,
12/31/1999 00:00:00,,,6347.5,454.100006,19.326363,909.200012,2238.700061,260,2381.5,7.623925,24.192044,6638.600098,1396.900024,4399.900024,3.173874,36665,2050.399902,260,,,,,,,
12/31/2000 00:00:00,,,8701.799805,498.399994,15.353405,1253.299988,3110.800025,1071.5,2910.199951,6.211095,18.89504,9410.099609,2595.100098,6299.300049,3.042754,42488,2756.399902,1071.5,,,,,,,
12/31/2001 00:00:00,,,10206.799805,582.099976,11.833865,1427.100036,4870.499957,503.5,2853.5,5.766706,14.907595,10778.200195,2158.800049,5907.700073,2.585559,47645,3183.5,503.5,,,,,,,
12/31/2002 00:00:00,,,10517.200195,623.400024,10.336572,1467.800048,4858.799953,232.800003,3010.300049,5.844165,13.148541,10555.900391,1743.800049,5697.100098,2.250219,,3223.700195,232.800003,,,,,,,
12/31/2003 00:00:00,,,10774.299805,640.700012,10.38256,1387.200012,4849.500194,510.299988,3095.800049,5.926563,13.480072,11065.400391,2192.899902,6215.899963,2.274873,,3313,510.299988,,,,,,,
12/31/2004 00:00:00,,,12754.5,866.1,15.283919,1738,4979.4,251.4,3802.4,7.176415,17.854602,13072,2584.5,8092.6,2.487956,60411,4037.1,251.4,,,,,,,
12/31/2005 00:00:00,,,14449.3,997.9,15.246629,1955.2,6233.7,595.6,4524.5,6.852626,17.918515,16052.6,3223.2,9818.9,2.614839,,4547.6,595.6,,,,,,,
12/31/2006 00:00:00,,,18737.4,1210.2,14.00777,2504.3,7104.3,645.4,5312.9,7.036537,18.258082,18345,3828.4,11240.7,2.594968,79560,5613.6,645.4,,,,,,,
12/31/2007 00:00:00,,4.468,20992,1430,14.133193,2858,8020,570,5928,7.500066,19.048507,19788,3981,11768,2.539779,92033,6277,570,,,,,,,
12/31/2008 00:00:00,,2.602,20887,1248,10.985722,2656,8157,1021,6277,6.101347,15.562067,21121,4324,12964,2.550595,93572,6149,1021,,,,,,,
12/31/2009 00:00:00,0,2.455,17373,592,1.771809,1803,9710,381,4943,2.859627,6.680962,20283,3172,10573,2.336305,79822,4863,381,,,,,,,
12/31/2010 00:00:00,0,2.443,17173,432,-0.060111,1615,10411,666,4695,2.069759,4.328007,21461,3739,11050,2.091068,76418,4810,666,,,,,,,
12/31/2011 00:00:00,0,2.689,18081,590,1.296514,1656,10583,519,4463,2.753921,5.663547,21387,3709,10804,2.056539,76433,4902,519,,,,,,,
12/31/2012 00:00:00,0,2.536,18084,538,0.807217,1535,10589,647,4161,2.544517,5.109212,20900,3718,10311,2.00793,73960,4923,647,,,,,,,
12/31/2013 00:00:00,0,4.163,18031,-296,,825,9686,961,4579,-1.432408,-2.928808,20429,4034,10743,2.044674,75309,4878,961,,,,,,,
12/31/2014 00:00:00,0,4.184,18912,582,0.867067,1592,10198,447,5419,2.742308,5.867823,22017,3867,11819,2.139739,75706,5485,447,19.9,26.7,32.955,29.955,True,True,True
12/31/2015 00:00:00,0,5.525,21406,724,1.221454,2064,13544,756,8465,2.68029,6.244071,32007,6369,18463,2.329625,74186,6663,756,26.7,32.955,29.955,,True,False,
12/31/2016 00:00:00,0,9.983,24789,1243,4.937478,2988,14443,275,7515,3.908744,9.238888,31594,5898,17151,2.363646,82889,8223,275,32.955,29.955,,,False,,
12/31/2017 00:00:00,0,8.659,25220,1895,9.103362,3167,14977,316,7660,5.994275,13.352593,31633,6031,16656,2.227558,85363,8317,316,29.955,,,,,,
12/31/2017 00:00:00,0,8.659,25220,1895,9.52557927120077,3167,14977,316,7660,5.99427459787749,13.3525930101466,31633,6031,16656,2.26638947632532,85363,8317,316,29.955,,,,,,
