Date,Rdexpense,Ceo,Revenue,NetIncome,SustGrowthRate,Ebitda,TotalEquity,ShortTermDebt,LongTermDebt,ReturnOfAssets,ReturnOfEquity,TotalAssets,TotalCurrentLiab,TotalLiab,FinLeverage,NumOfEmployees,GrossProfit,OperatingMargin,StockNow,TargetStock1Year,TargetStock2Year,TargetStock3Year,TargetStock1YGrowth,TargetStock2YGrowth,TargetStock3YGrowth
12/31/1990 00:00:00,,,72.269663,6.614625,,6.833252,43.247295,,9.911068,,,73.210128,12.446178,29.962832,,627,,,,,,,,,
12/31/1991 00:00:00,,,56.876396,-0.007216,,2.904224,46.173337,,2.822574,-0.010504,-0.016074,62.596778,9.969895,16.42344,1.530291,359,,,,,,,,,
12/31/1992 00:00:00,,,50.785201,-8.789173,,0.232124,30.617551,,2.276238,-15.531294,-21.841375,45.040598,9.401321,14.423047,1.406282,287,,,,,,,,,
12/31/1993 00:00:00,,,75.321558,3.50649,5.63821,5.658911,47.337023,,15.155513,5.169648,9.105312,91.320807,21.308507,43.983785,1.761302,515,,,,,,,,,
12/31/1994 00:00:00,,,168.835483,10.343957,13.321868,19.258356,62.953141,,17.687791,8.619752,18.695104,147.457989,54.904418,84.504842,2.168868,1304,,,,,,,,,
12/31/1995 00:00:00,,,282.092875,18.956171,19.556022,31.885925,85.765643,,19.375369,12.26346,26.867391,177.237607,57.09322,91.471963,2.190849,1983,,,,,,,,,
12/31/1996 00:00:00,1.006143,,374.699358,20.720782,13.323092,40.777428,118.471648,,81.471081,8.36364,20.188554,313.852428,90.252601,195.380785,2.413848,2315,,,,,,,,,
12/31/1997 00:00:00,2.299534,,488.862589,32.722544,18.819585,53.345679,141.55108,12.513861,64.608656,10.206234,25.499959,330.865714,94.857187,189.314621,2.498469,3001,,12.513861,,,,,,,
12/31/1998 00:00:00,4.058313,,554.63981,22.932667,10.134115,55.296567,144.660349,13.963159,78.435755,6.627979,15.875569,348.660816,96.111188,204.000462,2.395235,3568,125.207939,13.963159,,,,,,,
12/31/1999 00:00:00,2.691657,,530.156381,14.47027,3.876254,45.365828,165.146526,15.898847,63.021602,4.03518,9.242889,354.02033,100.929879,188.873814,2.290576,3656,108.367811,15.898847,,,,,,,
12/31/2000 00:00:00,3.152542,,603.859294,23.782457,8.660423,41.835764,174.014831,5.168387,85.212662,6.203834,13.71039,389.390523,105.587589,215.375679,2.209987,4078,134.156061,5.168387,,,,,,,
12/31/2001 00:00:00,7.030005,,670.986898,15.574164,4.261241,55.699267,191.752231,12.676058,279.088121,2.897027,8.765981,696.86091,176.927689,505.108679,3.025854,5061,165.475492,12.676058,,,,,,,
12/31/2002 00:00:00,6.440247,,763.769584,20.412307,5.165865,75.973079,244.655807,16.895513,216.789181,2.943723,9.470752,682.183769,176.63491,437.527963,3.21727,5674,203.358973,16.895513,,,,,,,
12/31/2003 00:00:00,8.549329,,778.536976,24.223099,6.08773,75.62868,255.828264,12.465974,190.961072,3.639657,9.897,653.746569,160.182251,397.918305,2.719212,5536,199.593951,12.465974,,,,,,,
12/31/2004 00:00:00,10.082917,,904.83218,45.263528,12.790771,94.801337,276.792457,8.649764,302.74175,6.19934,17.492588,820.396875,196.948479,543.604418,2.821686,6371,236.838946,8.649764,,,,,,,
12/31/2005 00:00:00,25.320279,,1038.346915,66.048216,10.333077,82.425588,574.260541,11.480959,938.03684,4.708141,15.705867,1981.741021,305.308455,1407.480481,3.335895,7601,290.267364,11.480959,,,,,,,
12/31/2006 00:00:00,59.126346,,1455.891694,137.601168,11.940244,255.961952,953.783656,43.429341,630.279384,6.845926,18.29023,2054.91686,356.187066,1101.133204,2.671695,8170,553.323155,43.429341,,,,,,,
12/31/2007 00:00:00,87.675663,1.567560607063,1576.972742,194.594566,12.668318,298.594551,1064.390719,18.011788,1037.161134,8.278146,19.390283,2642.435251,402.086679,1578.044532,2.342346,10062,659.135039,18.011788,,,,,,,
12/31/2008 00:00:00,98.206452,1.693670728309,1506.28307,192.147581,15.61907,328.533872,1096.089962,45.617195,958.782205,7.044107,16.82226,2509.03696,364.481388,1412.946998,2.388132,8436,686.404841,45.617195,,,,,,,
12/31/2009 00:00:00,85.856678,1.150758347882,1113.120989,117.334318,7.607897,225.055704,1217.258055,11.408138,902.02293,4.704593,10.209102,2479.173606,274.965373,1261.915551,2.170029,7476,525.883932,11.408138,,,,,,,
12/31/2010 00:00:00,173,2.057956145691,1481.3,89.9,-23.864088,246.2,2172.3,154.4,1810,2.401889,5.322069,5006.6,709.2,2834.3,2.215784,11992,752.7,154.4,,,,,,,
12/31/2011 00:00:00,180.2,2.4035,2169.1,295.2,10.044261,533.7,2525.8,456.9,1407.5,5.704182,12.602459,5343.7,1014.9,2817.9,2.209337,13060,1143.5,456.9,,,,,,,
12/31/2012 00:00:00,209.6,3.3441,2380,354.5,9.680206,610.3,2772.6,187.6,1503.8,6.577605,13.417865,5435.3,807.7,2662.7,2.039932,13754,1303.7,187.6,,,,,,,
12/31/2013 00:00:00,219.2,4.0471,2429.7,367.9,9.200583,632.5,2846.3,680.3,918.8,6.744951,13.12733,5473.6,1330.8,2627.3,1.946245,14198,1347.9,680.3,,,,,,,
12/31/2014 00:00:00,280.6,3.9848,2622.4,402.8,8.817833,733.6,3470.2,457.6,1573.3,6.55727,12.790144,6812,1246.1,3341.8,1.950529,15783,1514.5,457.6,,,,,,,
12/31/2015 00:00:00,313.1,4.4958,3043.8,499.9,9.13655,882.1,4102.3,57.5,1782.8,7.019046,13.240455,7432.1,944.5,3329.8,1.886361,16132,1821.9,57.5,314.8,325.5,410.9,,False,True,
12/31/2016 00:00:00,333.1,4.1824,3149.2,573.3,9.234799,964.2,4590.8,240.6,1476.2,7.471556,13.226286,7914.1,1160.7,3323.3,1.770218,16592,1902,240.6,325.5,410.9,,,True,,
12/31/2017 00:00:00,390.2,4.1112,3448.4,666.7,10.359689,1056,4618.1,301.8,1900.8,8.060061,14.520309,8629.2,1465,4011.1,1.801514,18315,2121.2,301.8,410.9,,,,,,
12/31/2017 00:00:00,390.2,4.1112,3448.4,666.7,,1020,4618.1,301.8,1900.8,8.06006056832675,14.520309267124,8629.2,1465,4011.1,1.90564275868202,18315,2121.20001220703,301.8,410.9,,,,,,
