Date,Rdexpense,Ceo,Revenue,NetIncome,SustGrowthRate,Ebitda,TotalEquity,ShortTermDebt,LongTermDebt,ReturnOfAssets,ReturnOfEquity,TotalAssets,TotalCurrentLiab,TotalLiab,FinLeverage,NumOfEmployees,GrossProfit,OperatingMargin,StockNow,TargetStock1Year,TargetStock2Year,TargetStock3Year,TargetStock1YGrowth,TargetStock2YGrowth,TargetStock3YGrowth
1/1/1989 00:00:00,0,,6642.278373,66.11759,,245.235539,487.775156,193.003162,324.9638,,,1752.701158,811.13125,1264.925979,,90284,1334.146185,193.003162,,,,,,,
12/31/1989 00:00:00,0,,7748.28035,88.304269,10.568204,270.556469,681.810666,132.359981,295.368711,4.801346,15.389275,1925.611916,821.558667,1243.801145,3.22144,83968,1598.981005,132.359981,,,,,,,
12/31/1990 00:00:00,0,,7678.126106,110.408813,10.908688,305.529757,697.569083,106.207261,258.359312,5.713165,16.091818,1939.454871,840.106435,1241.885707,2.851226,87978,1573.150984,106.207261,,,,,,,
12/29/1991 00:00:00,0,,9130.955759,125.159391,13.104767,381.521173,615.547413,212.669095,575.763118,5.716986,19.169528,2439.055146,1056.524202,1823.507586,3.353083,103069,1902.334409,212.669095,,,,,,,
1/3/1993 00:00:00,0,,9799.035455,138.422021,14.158704,427.783601,698.850575,389.317557,656.907241,5.210858,20.980478,2873.775042,1307.505098,2174.924607,4.0263,109713,2106.081726,389.317557,,,,,,,
1/2/1994 00:00:00,0,,12294.208899,155.698351,11.630699,540.354662,1032.88271,299.382412,869.407498,4.792998,18.126986,3623.13413,1457.410883,2590.251423,3.781973,110127,2503.433663,299.382412,,,,,,,
1/2/1995 00:00:00,0,,13164.019604,185.841597,11.171964,653.543357,1086.338054,275.303477,1018.633997,4.905425,17.945822,3953.84862,1504.509636,2867.510637,3.658363,127668,2676.614628,275.303477,,,,,,,
12/31/1995 00:00:00,0,,13439.75667,207.187422,11.650061,705.845599,1106.327536,381.089162,965.525426,5.084799,19.394864,4195.437839,1731.839897,3089.11015,3.814283,132450,2745.195708,381.089162,,,,,,,
12/31/1996 00:00:00,0,,16580.267623,287.061354,14.238518,942.183885,1247.169612,494.575069,1971.221259,5.246412,26.295259,6747.711813,2767.514693,5500.542201,5.088462,101697,3597.433951,494.575069,,,,,,,
12/31/1997 00:00:00,0,,22946.984857,423.73996,19.833927,1373.774238,1651.033091,714.939815,2454.863448,5.540322,33.931038,8548.870073,3688.826572,6897.8369,6.247128,142020,5239.436777,714.939815,,,,,,,
12/31/1998 00:00:00,,,26484.210505,547.198562,20.668289,1690.257355,1796.043456,879.197784,3923.400145,5.478768,37.122418,11426.371962,4794.927592,9630.32931,6.900849,162746,6189.204086,879.197784,,,,,,,
12/31/1999 00:00:00,,,33560.390625,752.106995,23.472672,2282.794983,2461.644077,1312.319946,4657.191895,5.850288,40.96014,14285.639648,6255.219238,11823.998108,7.116514,208983,8257.320312,1312.319946,,,,,,,
12/31/2000 00:00:00,0,,40833,920,17.525037,2562,3179.944847,2355.344971,10299.990234,4.629365,39.861734,25460.630859,10354.860352,22280.681641,8.772731,248053,9554,2355.344971,,,,,,,
12/31/2001 00:00:00,0,,54213,750,1.499605,3200,5544,1226,12503,2.773329,18.096933,28626,8430,23082,6.87361,270739,11986,1226,,,,,,,
12/31/2002 00:00:00,0,,62683,-1208,,3684,2665,2370,10537,-4.527397,-31.247649,24738,9344,22073,6.691411,278486,13461,2370,,,,,,,
12/31/2003 00:00:00,0,,56068,-1,,2594,4922,1728,8768,-0.004155,-1.068054,23399,7567,18477,6.591401,257140,11611,1728,,,,,,,
12/31/2004 00:00:00,0,,44610,885,20.469527,2132,4618,2465,6889,3.953275,20.469527,21374,8277,16756,5.177865,206441,9212,2465,,,,,,,
12/31/2005 00:00:00,0,,43979,120,,2104,4661,917,7013,0.580664,2.828188,19958,6882,15297,4.87061,167801,9106,917,,,,,,,
12/31/2006 00:00:00,0,,27826,899,,1873,5270,789,6075,4.682292,18.352557,18442,5821,13172,3.919567,164078,7434,789,,,,,,,
12/31/2007 00:00:00,0,9.682,24893,2931,48.648354,1773,3887,1342,4346,18.100414,65.068265,13944,4933,10057,3.59485,118715,6860,1342,,,,,,,
12/28/2008 00:00:00,0,2.961,25648,1077,19.256897,1876,4687,0,3924,7.819363,25.350124,13603,4138,8916,3.241968,118523,6871,0,10.0935,10.6598,11.4333,11.6946,False,False,False
12/31/2009 00:00:00,0,2.878,27925,894,12.720889,2068,5440,564,2745,6.493318,17.655772,13933,4025,8493,2.719068,118121,7587,564,10.6586,11.3677,11.9766,11.6658,False,False,False
12/31/2010 00:00:00,0,1.967,29530,853,9.300657,2148,5910,216,2947,5.952963,15.030837,14725,4092,8815,2.524934,122027,7920,216,11.3677,11.9766,11.6658,15.0211,False,False,False
12/31/2011 00:00:00,0,3.067,30271,1017,10.167806,2144,5877,648,2647,6.847332,17.256299,14980,4614,9103,2.520149,121000,7921,648,11.9766,11.6658,15.0211,15.6772,False,True,False
12/31/2012 00:00:00,0,2.441,32682,915,7.870978,2282,5146,236,2610,6.192474,16.601651,14572,4427,9426,2.68094,125000,8618,236,11.6658,15.0211,15.6772,20.6922,True,True,True
12/31/2013 00:00:00,0,3.402,32615,2537,18.544524,2155,6520,262,2376,17.076126,43.493914,15142,4142,8622,2.54706,123000,8682,262,15.0211,15.6772,20.6922,20.03,False,True,True
12/28/2014 00:00:00,0,2.533,32774,594,5.235669,2160,4844,280,2535,4.057377,10.454065,14138,4466,9294,2.576558,227000,8686,280,15.6719,20.9578,19.7,18.36,True,True,False
1/3/2016 00:00:00,0,4.329,38203,852,8.696125,2361,5621,330,2812,5.676594,16.281292,15880,5002,10259,2.868144,236000,10368,330,20.6869,19.96,18.364,,False,False,
1/1/2017 00:00:00,0,4.714,49695,830,0.95719,3048,16276,2160,5072,3.18282,7.580601,36275,10397,19999,2.381724,225000,13378,2160,20.075,18.35,,,False,,
12/31/2017 00:00:00,0,4.577,62890,1817,6.637527,4082,15170,2210,4719,5.180623,11.556319,33871,10305,18701,2.230681,224000,16769,2210,18.335,,,,,,
12/31/2017 00:00:00,0,4.577,62890,1817,,4058,15170,2210,4719,5.18062327146238,11.5563187686828,33871,10305,18701,2.24693707227508,224000,16769,2210,18.335,,,,,,
