Date,Rdexpense,Ceo,Revenue,NetIncome,SustGrowthRate,Ebitda,TotalEquity,ShortTermDebt,LongTermDebt,ReturnOfAssets,ReturnOfEquity,TotalAssets,TotalCurrentLiab,TotalLiab,FinLeverage,NumOfEmployees,GrossProfit,OperatingMargin,StockNow,TargetStock1Year,TargetStock2Year,TargetStock3Year,TargetStock1YGrowth,TargetStock2YGrowth,TargetStock3YGrowth
6/30/1989 00:00:00,,,8719.417955,121.588277,,,1291.403115,445.664491,589.954125,,,7698.69911,4025.37951,6407.296089,,62048,,445.664491,,,,,,,
6/30/1990 00:00:00,,,9682.203535,158.951952,5.949942,,1687.232017,357.13585,533.533577,1.917942,11.749961,8876.562316,5018.6289,7189.330315,6.126338,65933,,357.13585,,,,,,,
6/30/1991 00:00:00,,,9730.465694,195.307366,6.003355,,1780.054469,377.070086,435.707094,2.149993,12.116055,9291.626469,4485.57366,7511.571305,5.635393,64170,,377.070086,,,,,,,
6/30/1992 00:00:00,,,9801.951689,208.587661,5.751156,,1854.239905,359.768984,372.749663,2.232311,12.157602,9396.416339,4339.683212,7542.175794,5.446194,64292,,359.768984,,,,,,,
6/30/1993 00:00:00,,,9700.269515,113.440842,-5.763109,,1846.379791,473.503311,376.132884,1.209297,6.491446,9365.033803,4564.19677,7518.654027,5.367949,67720,,473.503311,,,,,,,
6/30/1994 00:00:00,,,9277.104581,76.743378,-26.546248,287.346037,1864.599191,427.350012,238.09687,0.834985,4.391166,9016.944892,4485.146252,7152.345912,5.258976,58527,,427.350012,,,,,,,
6/30/1995 00:00:00,274.56374,,9511.02561,130.899413,3.365639,439.471732,1924.045048,297.02276,204.260592,1.696795,7.331887,6412.070539,3191.980984,4488.024125,4.32102,56112,,297.02276,,,,,,,
6/30/1996 00:00:00,292.970248,,10363.850482,154.604442,3.164676,486.559166,2012.616138,246.693215,147.026577,2.366726,8.33592,6652.766185,3331.035899,4640.150156,3.522132,57826,,246.693215,,,,,,,
6/30/1997 00:00:00,299.10575,,10918.187747,164.214679,2.804454,484.006795,2074.725806,247.201448,119.27928,2.376153,8.554202,7169.130042,3718.146765,5094.403432,3.600022,62564,,247.201448,,,,,,,
6/30/1998 00:00:00,343.588144,,12676.638363,292.419074,8.234307,720.23285,2265.792515,271.566547,99.649255,3.927489,14.405497,7721.760171,4079.713011,5455.967594,3.667864,64054,,271.566547,,,,,,,
6/30/1999 00:00:00,421.815802,,13256.264604,344.099436,8.998035,1008.26759,2622.927351,435.109391,67.490528,4.012706,15.31377,9428.733581,4308.145391,6805.806231,3.81632,66838,2546.233568,435.109391,,,,,,,
12/31/2000 00:00:00,811,,22105,549,12.604539,1825,2963,1703,72,5.180043,21.781215,11768,5922,8805,4.204833,76604,4055,1703,,,,,,,
12/31/2001 00:00:00,620,,16300,151,2.400612,846,2862,1775,131,1.265823,5.774379,12090,6133,9228,4.561759,77606,2675,1775,,,,,,,
12/31/2002 00:00:00,532,,13850,135,1.748724,1008,2891,454,1084,1.135312,5.194306,11692,4688,8801,4.575221,75054,2397,454,,,,,,,
12/31/2003 00:00:00,520,,13546,227,3.40131,975,2784,360,627,2.097288,8.485981,9955,4429,7171,4.046168,64158,2479,360,,,,,,,
12/31/2004 00:00:00,476,,14038,303,5.34454,994,2965,387,366,2.597069,10.823361,13379,6407,10414,4.16753,59008,2762,387,,,,,,,
12/31/2005 00:00:00,385,,11379,462,8.036682,927,3025,682,336,3.356217,15.800274,14152,7262,11127,4.707763,49161,2436,682,,,,,,,
12/31/2006 00:00:00,279,,13049,918,16.493346,1382,3779,430,1678,6.245323,27.292998,15246,6539,11467,4.37015,50290,2888,430,,,,,,,
12/31/2007 00:00:00,433,3.651,14063,1216,15.491226,1982,5177,1562,405,7.743497,27.307433,16161,8510,10984,3.526499,55086,3306,1562,,,,,,,
12/31/2008 00:00:00,493,4.244,14945,1233,17.429201,1803,5396,1052,684,7.543361,23.479006,16530,8289,11134,3.112539,51321,3641,1052,,,,,,,
12/31/2009 00:00:00,504,2.668,12026,-270,,660,5129,1040,2230,-1.665382,-5.175388,15895,6493,10766,3.107629,47743,2571,1040,,,,,,,
12/31/2010 00:00:00,626,3.856,14675,713,8.055262,1637,5990,866,1983,4.278941,12.948334,17431,6986,11441,3.02606,45693,3275,866,,,,,,,
12/31/2011 00:00:00,740,2.969,16472,238,2.085601,2946,5590,1194,1976,1.318523,4.152853,18670,8342,13080,3.149625,52542,3681,1194,,,,,,,
12/31/2012 00:00:00,830,2.443,15772,180,0.595077,1285,5632,2333,2966,0.933078,3.245875,19912,7864,14280,3.478676,54283,3273,2333,,,,,,,
12/31/2013 00:00:00,540,1.713,15861,-524,,1306,5227,2115,3430,-2.468845,-9.782507,22537,11561,17310,3.962382,56102,2760,2115,,,,,,,
12/31/2014 00:00:00,608,2.715,14286,254,-11.900534,1310,5485,2154,2704,1.267623,4.813341,17538,6894,12053,3.797139,55903,2591,2154,92.16,92.7,94.33,95.4,False,False,False
12/31/2015 00:00:00,670,1.702,13702,140,-5.171298,1133,5565,2521,2666,0.785458,2.573529,18110,7464,12545,3.276471,55030,2594,2521,92.7,94.33,95.4,,False,False,
12/31/2016 00:00:00,706,1.918,13564,-18,,1220,5850,3509,2023,-0.095877,-0.320627,19438,8736,13588,3.34414,49982,2531,3509,94.33,95.4,,,False,,
12/31/2017 00:00:00,740,1.675,14342,311,-2.828999,1635,6125,2721,3231,1.565962,5.283724,20282,7964,14157,3.374108,54297,2671,2721,95.4,,,,,,
12/31/2017 00:00:00,740,1.675,14342,311,,1635,6125,2721,3231,1.56596173212487,5.28372409106354,20282,7964,14157,3.42028734637355,54297,2671,2721,95.4,,,,,,
