Date,Rdexpense,Ceo,Revenue,NetIncome,SustGrowthRate,Ebitda,TotalEquity,ShortTermDebt,LongTermDebt,ReturnOfAssets,ReturnOfEquity,TotalAssets,TotalCurrentLiab,TotalLiab,FinLeverage,NumOfEmployees,GrossProfit,OperatingMargin,StockNow,TargetStock1Year,TargetStock2Year,TargetStock3Year,TargetStock1YGrowth,TargetStock2YGrowth,TargetStock3YGrowth
6/30/1981 00:00:00,,,4012.572747,18.609104,5.413945,,347.680898,,,0.271155,5.413945,7359.355587,,7011.674876,19.96626,,,,,,,,,,
6/30/1982 00:00:00,,,4625.927276,23.198578,5.937328,,433.767484,,,0.293536,5.937328,8446.942323,,8013.174449,20.226925,,,,,,,,,,
6/30/1983 00:00:00,,,4964.469908,17.997352,4.15308,,432.931548,,,0.202772,4.15308,9304.332871,,8871.400996,20.481476,,,,,,,,,,
6/30/1984 00:00:00,,,5361.831578,22.576262,4.730817,,521.502427,,,0.229276,4.730817,10389.177405,,9867.674228,20.633706,,,,,,,,,,
6/30/1985 00:00:00,,,5820.255179,22.828267,4.368681,,523.585043,,,0.207489,4.368681,11615.112534,,11091.527022,21.054974,,,,,,,,,,
6/30/1986 00:00:00,,,6156.571894,28.869378,4.546381,,746.408816,,,0.239114,4.546381,12531.807947,,11785.399318,19.013415,,,,,,,,,,
6/30/1987 00:00:00,,,6247.471003,31.069628,4.142648,,753.580134,,,0.237398,4.142648,13643.315554,,12889.735794,17.450211,,,,,,,,,,
6/30/1988 00:00:00,,,6417.740187,30.693243,4.098738,,744.112403,,,0.218159,4.098738,14495.045941,,13750.934131,18.787809,,,,,,,,,,
6/30/1989 00:00:00,,,6602.976641,30.783351,-0.022556,,584.194945,0,0,0.200115,4.634974,16270.65779,,15686.462845,23.161585,,,0,,,,,,,
6/30/1990 00:00:00,,,7243.916965,81.380799,6.56553,,963.280567,0,0,0.467216,11.338284,18565.847044,,17602.5675,24.267776,,,0,,,,,,,
6/30/1991 00:00:00,,,7539.801676,45.884865,1.211717,,1174.336224,0,0,0.240682,4.781388,19563.193759,,18388.853182,19.865999,,,0,,,,,,,
6/30/1992 00:00:00,,,14144.363622,100.585942,5.9508,,1580.299349,0,30.087993,0.306647,9.024157,46040.495755,,44460.193606,29.428465,16593,,0,,,,,,,
6/30/1993 00:00:00,,,15761.042586,86.718172,4.122868,,1691.696131,0,29.435584,0.180271,7.314008,50168.306902,,48476.611559,40.572349,16943,,0,,,,,,,
6/30/1994 00:00:00,,,17728.43283,98.014652,3.691337,,1998.84443,0,24.030718,0.185212,7.027104,55672.068412,,53673.224543,37.940824,16340,,0,,,,,,,
6/30/1995 00:00:00,,,18124.733968,140.605267,5.467072,,2084.997112,0,23.519427,0.243495,8.690431,59817.059765,,57732.061997,35.690353,16525,,0,,,,,,,
6/30/1996 00:00:00,,,18334.107994,254.776738,9.871341,,2545.377067,0,18.406508,0.40936,13.448259,64658.482588,,62113.11663,32.851886,16343,,0,,,,,,,
6/30/1997 00:00:00,,,39897.699282,594.299981,12.162651,,6204.399842,2257.899899,0,0.524511,15.947912,161952.693997,,155748.305202,30.40531,18021,,2257.899899,,,,,,,
12/31/1998 00:00:00,,,31668.999702,1200.000048,10.41691,,18375.999975,757.000023,629.999975,0.747399,11.170949,159160.992392,,140785.002341,14.946435,32280,,757.000023,,,,,,,
12/31/1999 00:00:00,,,35312,1133,,,20579,967,734,0.668362,6.545791,179880,,159301,9.793777,33245,,967,,,,,,,
12/31/2000 00:00:00,,,40878,1750,,,25956,1762,1793,0.937215,8.322237,193567,,167611,8.879756,36481,,1762,,,,,,,
12/31/2001 00:00:00,,,43316,250,,,20347,2360,2474,0.126384,1.1639,202054,,181707,9.209269,37062,,2360,,,,,,,
12/31/2002 00:00:00,,,49234,1081,,,14480,2783,2205,0.542541,6.491518,196441,,181961,11.96502,41396,,2783,,,,,,,
12/31/2003 00:00:00,,,47136,-434,,,19382,3035,5599,-0.213885,-2.642555,209384,,190002,12.35501,41431,,3035,,,,,,,
12/31/2004 00:00:00,,,45691,1833,7.039263,,20644,2519,5635,0.864266,9.377158,214791,,194147,10.849853,40962,,2519,,,,,,,
12/31/2005 00:00:00,,,48493,2679,8.935206,,24397,2126,4505,1.235906,12.13865,218737,,194340,9.821658,37953,,2126,,,,,,,
12/31/2006 00:00:00,,,46470,3425,9.789901,,26320,975,3797,1.576227,13.758888,215845,,189525,8.729,37210,,975,,,,,,,
12/31/2007 00:00:00,,3.170528,47323,3854,10.748243,,25458,1823,5218,1.79215,15.173527,214253,,188795,8.466663,38634,,1823,,,,,,,
12/31/2008 00:00:00,,4.182465,47151,1555,2.105769,,21107,1650,5281,0.723904,6.793508,215362,,194255,9.384543,44209,,1650,,,,,,,
12/31/2009 00:00:00,,3.419891,53891,2521,6.759814,,22278,873,5066,1.149111,11.760864,223412,,201134,10.234751,47249,,873,,,,,,,
12/31/2010 00:00:00,,2.337475,59111,2422,5.817273,,23028,1843,5137,1.05357,10.804782,236358,,213330,10.255398,46915,,1843,,,,,,,
12/31/2011 00:00:00,,1.699499,60908,702,-1.818487,,23309,616,4946,0.29012,3.062493,247580,,224271,10.55596,47206,,616,,,,,,,
12/31/2012 00:00:00,,2.393046,66698,3188,7.690609,,27439,493,5763,1.260089,12.686285,258416,,230977,10.067769,45437,,493,,,,,,,
12/31/2013 00:00:00,,4.427388,64375,3304,7.715178,,26188,462,4672,1.288792,12.434609,254312,,228124,9.648263,44665,,462,,,,,,,
12/31/2014 00:00:00,,4.72659,63973,3152,6.643675,,30289,443,4695,1.195533,11.264586,272984,,242695,9.422225,43316,,443,165.75,184.55,179.65,180.75,True,False,False
12/31/2015 00:00:00,,4.513457,63286,3107,5.839897,,30966,428,4730,1.146808,10.239594,268868,,237902,8.928781,43554,,428,184.55,179.65,180.75,,False,False,
12/31/2016 00:00:00,,4.03787,62124,2580,3.994597,,31785,396,4542,0.961479,8.297954,267805,,236020,8.630403,43428,,396,179.65,180.75,,,False,,
12/31/2017 00:00:00,,6.150665,62228,375,-3.074184,,28198,602,3067,0.140574,1.259911,265722,,237524,8.962623,42410,,602,180.75,,,,,,
12/31/2017 00:00:00,,6.150665,62228,375,,,28198,602,3067,0.140573954082924,1.25991130224432,265722,,237524,9.56697062896815,42410,,602,180.75,,,,,,
