Date,Rdexpense,Ceo,Revenue,NetIncome,SustGrowthRate,Ebitda,TotalEquity,ShortTermDebt,LongTermDebt,ReturnOfAssets,ReturnOfEquity,TotalAssets,TotalCurrentLiab,TotalLiab,FinLeverage,NumOfEmployees,GrossProfit,OperatingMargin,StockNow,TargetStock1Year,TargetStock2Year,TargetStock3Year,TargetStock1YGrowth,TargetStock2YGrowth,TargetStock3YGrowth
12/31/1989 00:00:00,193.752491,,3833.87729,-45.915304,,294.093414,599.606757,739.774595,829.889653,,,3684.089188,1524.404942,3084.482477,,41326,,739.774595,,,,,,,
12/31/1990 00:00:00,195.770746,,3721.998813,100.240004,8.372134,361.486308,703.664624,568.105186,846.187128,2.763385,20.195176,3570.781114,1355.359241,2867.116459,7.308129,37336,,568.105186,,,,,,,
12/31/1991 00:00:00,156.919335,,2599.731203,40.062364,2.229828,89.375062,777.768241,653.056883,635.07761,1.151865,7.049632,3385.303337,1309.645713,2607.535106,6.120187,29167,,653.056883,,,,,,,
12/31/1992 00:00:00,187.193162,,3055.570907,92.772456,,190.926931,900.427704,850.341321,505.236531,2.644828,14.201305,3630.084111,1700.615465,2729.656458,5.369463,26770,,850.341321,,,,,,,
12/31/1993 00:00:00,247.572628,,3985.549293,-41.424687,,383.905757,984.74032,601.120484,571.41848,-1.10063,-5.494947,3897.368232,1937.592254,2912.628128,4.992548,25801,,601.120484,,,,,,,
12/31/1994 00:00:00,325.780014,,5075.407057,662.492242,37.132746,774.505401,2181.90197,459.321227,516.505122,15.440489,45.851376,4683.865564,1903.71914,2501.963594,2.969555,28000,1575.752683,459.321227,,,,,,,
12/31/1995 00:00:00,425.683642,,6190.997573,375.395452,13.675397,1149.900853,2392.977818,760.04124,356.726592,7.365121,17.022575,5510.004659,2683.438367,3117.026841,2.311242,31900,1899.178066,760.04124,,,,,,,
12/31/1996 00:00:00,591.012374,,6613.317456,548.797204,14.39307,1093.557898,2683.270179,665.856001,356.05384,9.882488,21.950153,5596.453253,2507.17742,2913.183074,2.221116,31766,1899.178066,665.856001,,,,,,,
12/31/1997 00:00:00,766.936945,,8848.703187,1052.688232,21.633466,1886.395783,3437.761217,553.842842,226.717325,16.687774,34.608792,7019.827675,3022.841602,3582.066458,2.073901,35490,3130.481875,553.842842,,,,,,,
12/31/1998 00:00:00,1150.069041,,13325.697601,1750.499939,26.789086,2998.286165,5172.619678,759.873052,257.327527,20.529005,41.118837,10034.091693,4452.943541,4861.472014,2.002963,41091,5026.968934,759.873052,,,,,,,
12/31/1999 00:00:00,1755,,19772,2577,26.362681,4573,7500,793,269,21.19851,41.273772,14279,6372,6779,1.947013,55260,7545,793,,,,,,,
12/31/2000 00:00:00,2584,,30376,3938,28.846365,6785,10985,1116,173,23.050133,43.308039,19890,8594,8905,1.878863,60289,11304,1116,,,,,,,
12/31/2001 00:00:00,2985,,31191,2200,7.995481,6104,12401,831,207,10.397713,19.119628,22427,9566,10026,1.83883,53849,11404,831,,,,,,,
12/31/2002 00:00:00,3052,,30016,3338,15.463195,5168,14454,377,187,14.591074,25.205769,23327,8412,8873,1.727479,19579,11738,377,,,,,,,
12/31/2003 00:00:00,3760,,29455,3592,14.631826,6259,15312,471,20,15.205198,24.411295,23920,8280,8608,1.605457,51748,12218,471,,,,,,,
12/31/2004 00:00:00,3776,,29371,3192,11.252936,4830,14399,215,19,13.702805,21.729807,22669,7976,8270,1.585793,55505,11192,215,,,,,,,
12/31/2005 00:00:00,3825,,34191,3616,14.97006,5351,12360,377,21,16.082905,27.408474,22298,9670,9938,1.704199,58874,11982,377,,,,,,,
12/31/2006 00:00:00,3897,,41121,4306,21.100195,6117,12060,247,69,19.173995,35.700369,22617,10161,10557,1.861916,,13379,247,,,,,,,
12/31/2007 00:00:00,5647,10.817504,51058,7205,38.0988,9191,17338,1071,203,23.930517,53.887289,37599,18976,20261,2.251823,112262,17304,1071,,,,,,,
12/31/2008 00:00:00,5968,5.529768,50710,3988,17.313765,6581,16510,3591,861,10.33415,27.52148,39582,20355,23072,2.663159,125829,17373,3591,,,,,,,
12/31/2009 00:00:00,5909,7.983422,40984,891,-4.447538,2981,14749,771,4432,2.365905,6.528429,35738,15188,20989,2.759379,123553,13264,771,,,,,,,
12/31/2010 00:00:00,5863,17.748183,42446,1850,2.562609,3841,16231,1125,4242,4.942493,13.468259,39123,17540,22892,2.724993,,12817,1125,,,,,,,
12/31/2011 00:00:00,5584,7.944813,38659,-1164,,489,13916,1352,3969,-3.090484,-8.866207,36205,17444,22289,2.868873,130050,11359,1352,,,,,,,
12/31/2012 00:00:00,4739,4.334421,15400,-3105,,465,9239,462,5087,-9.382224,-31.347804,29984,13656,20745,3.341191,97798,5559,462,,,,,,,
12/31/2013 00:00:00,3748,0.5,12709,-615,61.921008,1111,6660,3376,3286,-2.229271,-8.538702,25191,14178,18531,3.830267,86462,5345,3376,,,,,,,
12/31/2014 00:00:00,1948,7.325558,11762,3462,37.244997,1701,8669,116,2576,14.969516,45.918164,21063,7288,12394,3.067445,55399,4907,116,,,,,,,
12/31/2015 00:00:00,2080,,12560,2466,3.632547,2011,10524,51,2023,11.745933,25.803076,20926,6391,10402,2.196767,55718,5597,51,6.595,4.588,3.894,,False,False,
12/31/2016 00:00:00,4997,,23641,-766,,465,20975,370,3657,-2.327313,-5.007027,44901,12605,23926,2.15142,100875,8524,370,4.588,3.894,,,False,,
12/31/2017 00:00:00,4916,6.423559,23147,-1494,,1489,16218,309,3457,-3.477451,-8.246854,41024,12744,24806,2.371522,102761,9139,309,3.894,,,,,,
12/31/2017 00:00:00,4917,6.423559,23148,-1494,,1608,16218,309,3457,-3.47745126563864,-8.24685361006845,41024,12744,24806,2.50128338324268,102761,9140,309,3.894,,,,,,
