Date,Rdexpense,Ceo,Revenue,NetIncome,SustGrowthRate,Ebitda,TotalEquity,ShortTermDebt,LongTermDebt,ReturnOfAssets,ReturnOfEquity,TotalAssets,TotalCurrentLiab,TotalLiab,FinLeverage,NumOfEmployees,GrossProfit,OperatingMargin,StockNow,TargetStock1Year,TargetStock2Year,TargetStock3Year,TargetStock1YGrowth,TargetStock2YGrowth,TargetStock3YGrowth
12/31/1988 00:00:00,,,6225.377697,62.366894,,,1185.214866,701.753346,972.548505,,,9989.496382,7240.718523,8804.281386,,75138,,701.753346,,,,,,,
12/31/1989 00:00:00,,,6896.107519,92.018223,13.311205,,1471.529361,498.7217,1073.164857,1.076976,16.09836,7098.758117,3905.377884,5627.228569,14.947739,80769,,498.7217,,,,,,,
12/31/1990 00:00:00,297.275584,,7629.936347,82.032812,7.956271,,1875.44307,508.097315,1394.832283,1.100009,10.739768,7816.183192,3888.806795,5940.740048,9.76335,83701,,508.097315,,,,,,,
12/31/1991 00:00:00,312.520485,,9010.102558,23.904006,0.287267,,1921.95528,1422.50178,2291.232505,0.263479,2.614859,10328.710333,5208.100293,8406.755053,9.924347,101219,,1422.50178,,,,,,,
12/31/1992 00:00:00,335.387838,,9393.908442,1.219592,-2.298991,907.224102,1944.944562,1175.991719,2180.935641,0.012066,0.135129,9887.385911,4889.344881,7942.441349,11.199603,97451,,1175.991719,,,,,,,
12/31/1993 00:00:00,340.876003,,8594.618245,61.741852,-0.141719,786.941827,2592.852885,938.323701,1662.151635,0.637058,3.637507,9496.049284,4093.103664,6903.196399,5.709853,91458,3323.541025,938.323701,,,,,,,
12/31/1994 00:00:00,358.40764,,8531.961699,103.512883,1.279814,741.51202,2506.71919,609.186273,1485.920571,1.13625,4.14454,8724.04746,3585.448436,6217.32827,3.647561,89762,3313.631839,609.186273,,,,,,,
12/31/1995 00:00:00,384.323972,,9058.520604,124.550847,1.754433,833.896124,2561.14349,671.080574,1286.059909,1.380382,5.027383,9321.800057,4162.163069,6760.656567,3.642022,92695,3492.302087,671.080574,,,,,,,
12/31/1996 00:00:00,398.65418,,9396.500075,201.232703,3.667786,880.240626,2878.847242,491.495632,1091.99231,2.325315,7.619707,7986.194217,2746.369046,5107.346975,3.276849,62998,3685.75989,491.495632,,,,,,,
12/31/1997 00:00:00,375.32948,,7225.778519,335.08294,5.701589,969.57575,3717.774183,360.237028,931.463495,4.036027,10.366458,8618.400291,3230.242226,4900.626108,2.568481,61499,3297.167345,360.237028,,,,,,,
12/31/1998 00:00:00,401.550711,,7625.499842,408.563366,6.42235,1064.399038,3642.569624,610.100967,488.446651,4.854251,11.30356,8214.820698,3321.864086,4572.250925,2.32859,60780,3280.702851,610.100967,,,,,,,
12/31/1999 00:00:00,443.5,,8378.299805,481,5.407746,1320.399963,4270.299877,700.400024,1522.099976,5.212282,12.343582,10241.599609,3605.300049,5971.300049,2.368172,67510,3612.299805,700.400024,,,,,,,
12/31/2000 00:00:00,474.399994,,9695.5,625,7.218121,1616.700043,4560.300148,698.099976,2073.600098,5.753872,14.361378,11482.900391,4044.300049,6922.600159,2.49595,72200,4083.299805,698.099976,,,,,,,
12/31/2001 00:00:00,512.700012,,9828.200195,-986.400024,,1467.599976,8408.900101,1095.699951,1776.300049,-7.393665,-15.383656,15199.400391,4182.899902,6790.499939,2.080653,78750,3949.600098,1095.699951,,,,,,,
12/31/2002 00:00:00,472.700012,,9060.5,422,2.410423,1390,7775.900192,646.200012,1723.800049,2.922043,5.265358,13684.5,3199.699951,5908.599976,1.801944,74814,3755.299805,646.200012,22.3173,25.6879,25.3414,37.2944,True,False,True
12/31/2003 00:00:00,494,,8780.3,432.8,2.315002,1351.1,7733.6,1253,1321.7,3.13563,5.636004,13920.8,3882.2,6187.2,1.797407,74236,3717.2,1253,25.6879,25.3414,37.2944,41.6252,False,True,True
12/31/2004 00:00:00,295.1,,10349.3,823.9,5.554815,1572.1,7422.5,227.7,1272.5,6.041452,10.981673,13354.1,3037,5931.6,1.817721,84866,4171.9,227.7,25.3414,37.2944,41.6252,46.34,True,True,True
12/31/2005 00:00:00,273.7,,11678.8,994.3,6.21437,1945.1,8337.5,252.9,2754.7,6.635546,12.755694,16614.8,3674,8277.3,1.922328,88670,4755,252.9,37.2944,41.6252,46.34,26.5,True,True,False
12/31/2006 00:00:00,327.6,,13729.7,1309.4,7.385629,2422.7,8838.1,884.6,3457.1,7.360501,15.440947,18964.3,4831.6,10126.2,2.097812,100078,5679.1,884.6,41.6252,46.34,26.5,40.89,True,False,False
12/31/2007 00:00:00,417.1,1.777636,17308.6,1583.1,8.185937,3075.4,10313.7,2401.3,3785.4,7.497159,16.751495,23267.7,6921.8,12954,2.234379,119340,7098.6,2401.3,46.34,26.5,40.89,56,False,False,False
12/31/2008 00:00:00,402,2.029945,18311,1682,7.855495,3147,11051,1566,4639,6.997444,15.950309,24807,6444,13756,2.279448,126481,7432,1566,26.5,40.89,56,40.68,True,True,True
12/31/2009 00:00:00,403,1.833162,15793,824,2.521387,2162,11860,1295,4913,3.267313,7.28076,25632,6162,13772,2.228363,116065,6221,1295,40.89,56,40.68,54.83,True,False,True
12/31/2010 00:00:00,450,2.002646,19580,1720,6.517312,3448,14989,1005,5010,6.068839,12.974278,31051,7875,16062,2.137852,123482,7738,1005,56,40.68,54.83,63.4,False,False,False
12/31/2011 00:00:00,773,2.371997,22345,1793,5.612617,3577,16045,978,6927,5.361922,11.704419,35828,9274,19783,2.182877,140491,8387,978,40.68,54.83,63.4,60.61,True,True,True
12/31/2012 00:00:00,793,2.0979,23946,1813,5.34542,3680,16827,1579,6406,5.03765,11.154864,36150,8964,19323,2.214299,152384,9057,1579,54.83,63.4,60.61,52.56,True,False,False
12/31/2013 00:00:00,1119,2.451428,23392,1888,4.736902,3848,17593,2820,5922,5.137485,11.150484,37349,10388,19756,2.170417,163033,8763,2820,63.4,60.61,52.56,66.11,False,False,False
12/31/2014 00:00:00,922,2.393072,24939,1941,4.024307,3793,20151,2533,5027,4.944782,10.50808,41158,11228,21007,2.125085,185965,9407,2533,60.61,52.56,66.11,70.86,False,False,False
12/31/2015 00:00:00,937,4.782,26640,1407,1.36338,3206,21289,1415,6134,3.360602,6.93445,42577,10128,21288,2.063455,181362,9845,1415,52.56,66.11,70.86,,True,True,
12/31/2016 00:00:00,1209,5.625458,24459,1750,2.788463,3808,20653,1778,5766,4.145544,8.465967,41851,10044,21198,2.042185,170866,9358,1778,66.11,70.86,,,False,,
12/31/2017 00:00:00,1183,6.607047,24743,2150,4.880991,3996,19942,1633,5650,5.263158,10.672359,39849,9949,19907,2.027748,153124,9498,1633,70.86,,,,,,
12/31/2017 00:00:00,,6.607047,24744,,,,,,,,,,,,,153124,,,70.86,,,,,,
