Date,Rdexpense,Ceo,Revenue,NetIncome,SustGrowthRate,Ebitda,TotalEquity,ShortTermDebt,LongTermDebt,ReturnOfAssets,ReturnOfEquity,TotalAssets,TotalCurrentLiab,TotalLiab,FinLeverage,NumOfEmployees,GrossProfit,OperatingMargin,StockNow,TargetStock1Year,TargetStock2Year,TargetStock3Year,TargetStock1YGrowth,TargetStock2YGrowth,TargetStock3YGrowth
3/31/1990 00:00:00,0.7,,447.7,50.1,,152.9,168.5,98.5,436.9,,,907.2,182.3,738.7,,3555,212.2,98.5,,,,,,,
3/31/1991 00:00:00,0.4,,568.9,48.8,24.885263,162.1,223.7,195.5,344.8,5.015932,24.885263,1038.6,311,814.9,4.961244,3431,245.2,195.5,,,,,,,
3/31/1992 00:00:00,0.6,,669.6,97,14.409938,187.3,581.3,8.3,232,8.914622,24.099379,1137.6,163.4,556.3,2.703354,3476,303.3,8.3,,,,,,,
3/31/1993 00:00:00,2.4,,717.8,105.8,10.190874,218.8,639.4,9.6,116,9.342163,17.334316,1127.4,206.5,488,1.855493,3501,336.6,9.6,,,,,,,
3/31/1994 00:00:00,4.2,,792.4,121.7,10.826801,221.4,713.6,0,116,10.488667,18.000296,1193.2,200.5,479.6,1.716166,3525,341.6,0,,,,,,,
3/31/1995 00:00:00,4.5,,833.1,118.9,8.731223,237.4,778.4,125,0,9.578282,15.946888,1289.5,341.1,511.1,1.664901,3469,382.3,125,,,,,,,
3/31/1996 00:00:00,3.5,,887.4,148.5,10.69278,244.5,865.7,93.6,132.1,10.469912,18.064595,1547.2,360.3,681.5,1.725382,3382,385,93.6,,,,,,,
3/31/1997 00:00:00,0.8,,951.1,164.2,10.885366,288.7,881.6,312.8,148.8,9.751462,18.794712,1820.5,591.4,938.9,1.927374,3177,429,312.8,,,,,,,
3/31/1998 00:00:00,1.8,,2808.5,147.300003,-3.468161,611.399994,1590.299988,404.799988,434.700012,5.399164,11.915205,3635.899902,1217.199951,2045.599976,2.215887,9786,924.5,404.799988,,,,,,,
3/31/1999 00:00:00,0.9,,2809.199951,206.300003,-1.178222,628.699997,1576.500061,350.899994,706,5.495984,13.061793,3871.399902,1115.699951,2294.899963,2.377759,9345,984.799927,350.899994,,,,,,,
3/31/2000 00:00:00,0.9,,3047.899902,412.799988,10.912906,704.099991,1663.700012,366.399994,805.900024,10.227062,25.479907,4201.299805,1192.300049,2537.600097,2.49142,9343,971.799804,366.399994,,,,,,,
3/31/2001 00:00:00,1.3,,3585.600098,407,9.036416,729.99997,1656.899951,600.700012,801.599976,9.060552,24.518811,4782.700195,1621.699951,3125.799927,2.706106,9434,974.5,600.700012,,,,,,,
3/31/2002 00:00:00,1.4,,4005.600098,431.6,9.10686,783.899979,1706.300037,185.300003,1070.699951,9.066655,25.672903,4737.899902,1153.699951,3031.599914,2.831574,9354,1016.400147,185.300003,,,,,,,
3/31/2003 00:00:00,1,,4065.300049,446.200012,9.171608,799.900009,1481.79997,112.400002,1116.599976,9.24901,27.991594,4910.700195,1142.599976,3428.899903,3.026442,9474,976.100098,112.400002,,,,,,,
3/31/2004 00:00:00,1,,5124.399902,447.899994,7.787191,826.999969,1728.100024,66.099998,1379.300049,8.670151,27.903065,5421.299805,1291.5,3693.200073,3.218291,9785,1024.299805,66.099998,,,,,,,
3/31/2005 00:00:00,0.6,,7424.6,559.9,10.871321,1084.1,1862.3,29.4,1653.6,9.286781,31.182646,6636.7,1548.7,4774.4,3.357745,11034,1106.4,29.4,,,,,,,
3/31/2006 00:00:00,1.4,,10145.2,642.3,12.085527,1050.4,2145.4,417.3,1797.6,8.589712,32.050099,8318.4,2625.3,6173,3.731219,11755,1328.8,417.3,,,,,,,
3/31/2007 00:00:00,6.3,,11867.1,830.5,17.682914,1477.5,2595.9,474.8,1803.2,9.337178,35.032586,9470.7,3374.3,6875.4,3.751946,13053,1680.7,474.8,,,,,,,
3/31/2008 00:00:00,3.7,1.208,15256.3,872.9,12.435661,1308.4,2980.3,1847.6,2073.6,7.510529,31.309744,13774,6707.2,10793.7,4.16878,15777,1558.7,1847.6,,,,,,,
3/31/2009 00:00:00,4.4,1.207,25424.2,112.3,-16.611831,436.3,2974.9,1060.1,4336.1,0.712037,3.770228,17769.3,8144.4,14794.4,5.294988,18196,579.8,1060.1,,,,,,,
3/31/2010 00:00:00,3.7,1.231,21550.4,1235.3,19.351032,2211.2,3121,903.7,5143.3,6.882488,40.488364,18127.6,7212.3,15006.6,5.882809,20177,2516.3,903.7,,,,,,,
3/31/2011 00:00:00,9,1.237,28334.2,1504.5,22.384216,2821.1,5200.8,446.5,5159.9,7.602709,42.000502,21450.4,8110.1,16249.6,5.524413,20249,3188.9,446.5,,,,,,,
3/31/2012 00:00:00,11.2,1.449,31723.9,197.8,-14.910012,969.5,4584.1,708.6,5537,0.961702,5.301457,19685,6996,15100.9,5.512577,19489,1598.5,708.6,,,,,,,
3/31/2013 00:00:00,5.9,2.224,28304.6,402.7,-12.000354,1243.2,5548.9,1544.6,4540.4,1.999439,11.870652,20596.3,7950.3,15047.4,5.936992,19795,2000.8,1544.6,,,,,,,
3/31/2014 00:00:00,7,3.409,30585,323.1,-16.589512,1358.3,5119.5,618.7,5676.3,1.549009,10.265616,21120.7,7518.4,16001.2,6.627216,19894,2292.5,618.7,,,,,,,
3/31/2015 00:00:00,8.3,2.311,31654.4,543.1,-11.864802,1482.4,6080.5,732.8,5367.9,2.445499,19.251697,23295.6,8726.2,17215.1,7.872299,19965,2420.3,732.8,,,,,,,
3/31/2016 00:00:00,5.6,1.696,28781.3,460.6,-15.46115,1259.7,5217,923.3,6245.5,2.025403,16.177865,22186.7,7398.7,16969.7,7.987478,21118,2277.4,923.3,1492,1476,1276,,False,False,
3/31/2017 00:00:00,5.5,2.925,29037.9,1718.8,19.077621,2888.1,6272.5,142.4,7940,7.456332,45.391339,23916.4,6555,17643.9,6.541674,21157,3476,142.4,1476,1276,,,False,,
9/30/2017 00:00:00,,2.925,29959.2,1468.5,1.36181956670301,2734.8,6075.5,134.5,8403.4,6.70528043688201,43.3871951219512,22374.9,4818.5,16299.4,5.83852130262594,,3394.10009765625,134.5,1397,,,,,,
