Date,Rdexpense,Ceo,Revenue,NetIncome,SustGrowthRate,Ebitda,TotalEquity,ShortTermDebt,LongTermDebt,ReturnOfAssets,ReturnOfEquity,TotalAssets,TotalCurrentLiab,TotalLiab,FinLeverage,NumOfEmployees,GrossProfit,OperatingMargin,StockNow,TargetStock1Year,TargetStock2Year,TargetStock3Year,TargetStock1YGrowth,TargetStock2YGrowth,TargetStock3YGrowth
12/31/1988 00:00:00,,,381.209015,25.782,,41.272001,147.261005,3.062,0,,,230.819,68.447998,83.557998,,4395,,3.062,,,,,,,
12/31/1989 00:00:00,,,360.886993,22.169001,9.140554,34.421,160.612999,9.207,0,9.387598,14.429749,241.485001,68.404999,80.871999,1.537108,4332,,9.207,,,,,,,
12/31/1990 00:00:00,,,347.653992,13.974,3.609121,26.253,162.679007,4.939,0.717,5.813598,8.644816,239.25,73.921997,76.570997,1.486999,4197,,4.939,,,,,,,
12/31/1991 00:00:00,,,310.290985,10.939,1.72305,16.931,162.093996,7.199,0.652,4.775626,6.736397,218.867996,55.569,56.774,1.410579,3684,,7.199,,,,,,,
12/31/1992 00:00:00,,,303.440002,6.859,-0.807567,16.225,158.127003,0.888,0.146,3.233341,4.283917,205.399002,45.992001,47.272001,1.324919,3219,,0.888,,,,,,,
12/31/1993 00:00:00,,,347.72699,13.276,3.172054,26.061999,163.304998,0.462,0.004,6.071318,8.260534,231.936005,68.057999,68.630999,1.360583,3190,,0.462,,,,,,,
12/31/1994 00:00:00,,,466.524994,27.117001,11.107515,40.713,158.009007,10.31,12.502,10.728614,16.878816,273.571991,101.620003,115.563003,1.573252,3753,,10.31,,,,,,,
12/31/1995 00:00:00,,,491.639008,24.424,9.430035,42.021002,156.623997,10.21,2.5,9.195472,15.52539,257.645996,97.605003,101.022003,1.688373,3810,,10.21,,,,,,,
12/31/1996 00:00:00,,,518.494019,26.694,10.160629,46.694001,164.675001,9.821,0,10.066674,16.616298,272.697998,106.975998,108.022998,1.650624,3970,,9.821,,,,,,,
12/31/1997 00:00:00,,,555.838989,35.095001,13.45545,55.222,185.919002,3.133,0.229,12.349177,20.020309,295.679993,108.995003,109.761003,1.621186,4076,,3.133,,,,,,,
12/31/1998 00:00:00,,,623.078003,41.823002,14.513145,68.721,215.523994,0.402,0.206,13.177393,20.836334,339.088989,122.469002,123.565002,1.581218,4424,,0.402,,,,,,,
12/31/1999 00:00:00,,,874.299988,52.700001,14.293169,102.000002,314.500001,13.5,185.100006,9.859783,19.927249,729.900024,227.300003,415.400009,2.021064,5830,,13.5,,,,,,,
12/31/2000 00:00:00,,,1181.199951,60,12.688108,127.399998,365.500009,51.200001,150,7.960199,17.704337,777.599976,263.299988,414.399988,2.224107,7576,,51.200001,,,,,,,
12/31/2001 00:00:00,,,1279.300049,75,14.829606,146.699997,386.800003,63.099998,100,9.473286,19.968051,805.799988,287.399994,418.999994,2.107827,7892,385.500061,63.099998,,,,,,,
12/31/2002 00:00:00,0,,1417.5,91.800003,17.872668,179,395.399994,39.400002,150.300003,10.479452,23.472259,946.200012,300.600006,550.800011,2.239836,8497,441.799988,39.400002,,,,,,,
12/31/2003 00:00:00,0,,1678.300049,108.900002,18.63824,216.899998,476.999985,92.300003,70.099998,10.898173,24.965613,1052.300049,400,575.299995,2.290807,9199,522,92.300003,,,,,,,
12/31/2004 00:00:00,,,1828.599976,130.100006,16.939053,250.300007,630.500015,64.099998,65,11.436357,23.494358,1222.900024,405.399994,592.399994,2.054357,9385,583.299927,64.099998,,,,,,,
12/31/2005 00:00:00,,,2640.800049,140.800003,13.892691,323.200012,757.999985,2.9,33.400002,7.421463,20.280879,2571.5,557.5,1813.499977,2.732733,9533,917.700073,2.9,,,,,,,
12/31/2006 00:00:00,,,2848.8,167,14.373314,331.7,933.1,2.5,30.9,6.433841,19.750458,2619.8,727.2,1686.7,3.069777,14866,993.8,2.5,,,,,,,
12/31/2007 00:00:00,,1.356,3186.699951,185.300003,13.481456,368.599987,1036.900009,103.400002,863.900024,6.851417,18.812183,2789.300049,753.700012,1752.40004,2.745736,14725,1099.399902,103.400002,,,,,,,
12/31/2008 00:00:00,,0.777,3178.600098,101.900002,8.265292,217.5,1018.200027,19.4,1030.699951,3.587586,9.916792,2891.399902,647.700012,1873.199966,2.764196,15414,1098.300049,19.4,,,,,,,
12/31/2009 00:00:00,0,1.412,2930.9,157.4,12.700718,319.2,1460.4,75.3,739.1,5.21693,12.700718,3142.8,787.7,1682.4,2.434519,14528,986.5,75.3,,,,,,,
12/31/2010 00:00:00,0,1.424,3152.8,141.3,6.157008,279.6,1951.8,75.6,760.9,3.903477,8.282047,4096.9,1173.9,2145.1,2.12171,15792,1071.3,75.6,,,,,,,
12/31/2011 00:00:00,0,1.389,4779.1,212.4,8.061715,367.9,2107.8,63.6,598.2,5.125421,10.464085,4191.2,1288,2083.4,2.041605,21423,1423.3,63.6,,,,,,,
12/31/2012 00:00:00,0,3.506,4844.9,248.7,8.649218,369.3,2255.6,396.1,195.2,5.819722,11.399367,4355.6,1637.9,2100,1.958748,21632,1463.8,396.1,,,,,,,
12/31/2013 00:00:00,0,2.044,5148.7,264.6,7.935776,403.5,2515.2,5.8,421.6,6.014115,11.092479,4443.7,1347.1,1928.5,1.844408,21937,1532.1,5.8,,,,,,,
12/31/2014 00:00:00,0,2.634,5580.7,258.5,6.351579,422,2677.7,43.5,440,5.640472,9.955901,4722.2,1432,2044.5,1.765083,23480,1650.5,43.5,,,,,,,
12/31/2015 00:00:00,0,2.36,5941.6,167.6,2.131161,337.4,2795.8,139.8,411.4,3.508368,6.130661,4832.1,1504,2036.3,1.747439,24670,1769,139.8,1973,1452,1567,,False,False,
12/31/2016 00:00:00,0,2.499,6217.2,12.7,-3.671573,206.6,2655.6,6.9,621.1,0.26027,0.467066,4927,1456,2271.4,1.794546,24656,1851.8,6.9,1452,1567,,,False,,
12/31/2017 00:00:00,0,2.688,6433.1,232.8,4.273025,441.5,2860.3,6.2,612.1,4.624186,8.470229,5141.8,1558.1,2281.5,1.831723,27753,1905.6,6.2,1567,,,,,,
12/31/2017 00:00:00,0,2.688,6433.1,232.8,1.85672069869597,441.5,2860.3,6.2,612.1,4.62418560305101,8.47022867434372,5141.8,1558.1,2281.5,1.81088294957116,27753,,6.2,1567,,,,,,
